2444 4062
915 146 1071 206 '203

101 260 238 322 oriri
293 257 518 341 poterit
554 299 573 330 ,
623 255 912 316 Codicem
971 257 1151 316 istum
1186 253 1525 313 Scetensem
1559 274 1681 314 non
1721 253 1910 314 alium

95 381 214 421 esse
240 383 269 418 a
306 361 591 417 Vaticano
610 401 624 416 .
651 359 838 418 Illum
867 356 1095 416 viderat
1118 355 1326 415 Clarus
1340 353 1912 435 'Assemani,quum‚

97 460 353 521 Codices
383 457 716 539 quaesitum
744 503 762 533 ‚
801 454 1128 516 Orientales
1180 453 1387 536 plagas
1443 465 1863 536 pervagaretur
1891 499 1910 529 ‚

90 578 247 620 anno
296 556 537 633 scilicet
594 557 775 638 1715:
806 548 1036 616 ι61ιιιηο
1070 574 1209 614 vero
1248 551 1450 613 attulit
1470 554 1728 612 Romam
1774 552 1916 613 An-

71 661 275 718 ,άνεαε
325 658 612 717 Scandar
642 700 658 730 ‚
709 654 785 714 ad
831 653 1088 715 Codices
1134 654 1579 736 comparandos
1613 654 1671 712 in
1700 654 1916 739 Aegy-

82 770 262 842 ptum
297 771 357 819 et
401 757 641 838 Syriam
674 746 889 817 miss‘tis
920 802 939 831 .,
983 777 1140 816 anno
1185 760 1370 839 1718,
1406 757 1508 840 qui
1552 769 1692 841 post
1729 757 1917 818 trien-

90 862 257 921 nium
291 880 553 921 reversus
574 872 700 919 est.
727 869 771 917 ¹7
804 860 976 918 Anne
1003 857 1186 939 igitur
1207 858 1460 921 sortasse
1481 858 1638 920 hunc
1662 863 1915 922 Sceten-

87 985 216 1024 sem
251 961 403 1022 cod.
434 962 509 1022 ab
540 963 878 1023 Assemano
915 960 1107 1021 visum
1136 981 1310 1020 suum
1340 962 1451 1022 iste
1479 961 1627 1024 fecit
1653 958 1686 1025 ’ἰ
1751 965 1910 1025 Puto

85 1065 326 1150 quidem
374 1086 496 1123 rem
547 1084 611 1124 se
655 1064 743 1123 sic
787 1062 1008 1124 habere
1054 1062 1159 1122 vix
1193 1064 1503 1145 potuisse.
1540 1066 1814 1148 Namque
1840 1079 1907 1128 ut

87 1164 283 1227 levem
318 1168 471 1224 inter-
507 1164 819 1245 utriusque
855 1162 1095 1224 titulum
1145 1161 1622 1247 discrepantiam
1659 1167 1909 1226 missam

83 1263 301 1325 faciam
335 1309 352 1338 ‚
400 1263 570 1323 facile
623 1264 782 1322 enim
827 1259 1160 1323 Ass-emani
1191 1283 1312 1322 non
1360 1263 1510 1324 adeo
1548 1277 1828 1326 accurate
1848 1266 1912 1324 in

82 1366 288 1425 itinere
316 1411 332 1440 ,
385 1361 626 1423 titulum
659 1364 953 1423 Scetensis
1010 1362 1394 1444 transcripsit
1422 1389 1437 1419 ε
1482 1377 1720 1424 constat
1761 1365 1909 1425 Sce-

84 1478 277 1528 tenses
310 1464 641 1526 monachos
665 1510 685 1539 ,
726 1461 912 1525 'nullis
943 1463 1226 1549 precibus
1252 1511 1268 1540 ,
1320 1463 1481 1524 nulla
1519 1464 1906 1525 Patriarchae

84 1572 440 1631 auctoritate
478 1613 495 1641 ‚
541 1566 705 1627 nulla
752 1564 1009 1650 denique
1059 1567 1238 1651 pretii
1305 1567 1616 1628 oblatione
1683 1568 1906 1628 adduci

71 1669 341 1754 ‘potuisse
374 1717 392 1746 .,
438 1681 504 1730 ut
543 1682 777 1753 praeter
827 1690 1015 1731 unum
1062 1670 1395 1730 alterumve
1441 1668 1737 1731 Codicem
1774 1672 1905 1732 As-

60 1795 329 1835 *semano
366 1770 801 1832 concederent:
834 1794 1019 1854 quum
1044 1772 1224 1833 Elias
1268 1772 1458 1854 ipsius
1507 1773 1903 1834 consobrinus

76 1872 306 1934 nullum
374 1872 658 1935 valuisset
722 1875 1043 1955 impetrare
1074 1908 1110 1932 .«
1137 1866 1186 1912 ¹3
1231 1864 1600 1931 Addendum
1655 1874 1832 1933 etiam
1876 1889 1897 1950 '‚

81 1993 289 2034 omnes
329 1971 583 2033 Codices
618 1971 796 2030 fuisse
837 1971 1103 2030 Scetensi
1152 1969 1583 2030 Bibliothecae
1638 1972 1904 2034 invectos

79 2099 107 2134 a
136 2078 309 2136 Mose
335 2074 652 2148 NisibenQ
675 2095 829 2133 anno
856 2076 1006 2152 9323
1048 2081 1095 2126 ¹9
1127 2094 1314 2155 quum
1350 2094 1492 2132 vero
1531 2072 1746 2134 Codex
1782 2075 1907 2134 Va-

75 2176 310 2234 ticanus
364 2174 627 2255 scriptus
684 2170 1109 2231 tantummodo
1157 2170 1335 2230 fuerit
1385 2193 1541 2230 anno
1578 2176 1728 2250 980,
1766 2194 1899 2233 cer-

79 2285 174 2347 te,
221 2294 370 2331 unus
425 2295 498 2332 ex
544 2271 661 2331 illis
707 2294 829 2331 esse
877 2294 996 2331 non
1044 2270 1291 2353 potuit.
1340 2271 1457 2331 Sed
1510 2294 1694 2353 neque
1739 2273 1902 2354 Epi.

79 2376 299 2458 graphe
347 2372 461 2432 ulla
508 2385 673 2433 extat
708 2374 766 2431 in
800 2385 1007 2433 nostro
1045 2374 1199 2432 Cod.
1242 2396 1315 2433 ex
1357 2394 1477 2453 quo
1514 2372 1728 2452 colligi
1755 2393 1908 2454 pos-

77 2475 157 2535 sit
202 2494 463 2555 unquam
512 2472 786 2533 extitisse
831 2473 889 2530 in
938 2472 1200 2532 Scetensi
1234 2471 1622 2531 'monasterio
1651 2514 1666 2531 .

163 2576 322 2635 Haec
364 2574 609 2657 quidem
652 2574 853 2633 omnia
912 2576 1054 2634 satis
1102 2574 1324 2633 erroris
1380 2585 1636 2652 arguunt
1678 2581 1911 2632 senten-

77 2678 226 2737 tiam
261 2678 483 2737 Adlen·
511 2723 526 2752 ‚
563 2677 738 2737 initio
768 2678 944 2760 hujus
975 2677 1510 2736 commentationis
1546 2675 1898 2751 adductam,

74 2778 566 2862 Karkaphensem
600 2778 754 2838 nihil
794 2778 961 2838 aliud
993 2778 1109 2838 nisi
1140 2781 1447 2860 insignem
1479 2779 1751 2861 aliquem
1790 2777 1910 2837 Co·

283 2950 456 2973 m
463 2949 1509 2972 mmmm-“mm

155 3061 266 3138 (16)
306 3067 393 3112 Loe
434 3059 513 3111 cit.
553 3062 668 3111 coll·
702 3059 872 3125 Praefss
907 3065 1058 3110 totitas
1098 3065 1186 3125 Op.
1224 3074 1310 3126 pp·
1353 3078 1401 3124 9.
1450 3078 1528 3107 11.
1563 3065 1708 3122 (non
1744 3075 1911 3107 nume⁴

70 3155 309 3206 rantur.)

153 3234 261 3292 (ην)
299 3228 532 3274 ΒὶᾖΙι“οτΙι.-
577 3226 762 3276 Ονὶεηί.
801 3222 860 3273 T}
890 3223 1081 3291 II·’pp·
1115 3223 1226 3284 485,
1269 3229 1387 3288 499‘

127 3311 263 3371 ’(ι8)
307 3312 476 3373 Praqf.
522 3317 573 3356 ut
617 3325 724 3376 sup.
767 3326 852 3375 pp·
902 3326 946 3376 7,
992 3324 1066 3359 η.
1647 3366 1717 3379 ⁴ae

155 3393 266 3454 (¹9)
304 3391 380 3439 lb·
424 3407 478 3456 P·
515 3404 564 3457 7·
689 3429 693 3432 v
860 3446 869 3472 Q
1483 3406 1487 3408 ’
