2444 4062
1393 211 1481 292 94

517 346 654 391 rum
680 365 718 402 ,·
743 323 1014 408 exceptis
1041 319 1224 408 Syris
1247 367 1267 400 ‚
1302 340 1376 382 ac
1403 323 1762 406 praesertim
1790 322 2199 385 Orientalibus
2220 366 2241 398 ‚
2275 319 2361 381 si-

511 412 772 499 ‘quidem
834 419 1048 477 eorum
1105 408 1419 495 exemplar
1450 455 1472 488 ,
1532 411 1723 496 quod'
1757 412 2021 496 simplex
2080 418 2360 484 vocant,

509 513 780 601 ..quodin
813 519 942 600 ejus
972 512 1247 580 versione
1294 509 1617 592 elegantiae
1662 512 1814 573 ratio
1844 511 2051 572 habita
2084 531 2211 571 non
2242 509 2322 573 sit
2341 553 2363 583 ‚
2383 504 2405 514 ”

508 610 820 679 'consentit
843 637 991 678 cum
1016 611 1354 697 exemplari
1378 614 1414 674 J
1420 611 1754 675 udaeorum
1773 656 1789 674 .
1814 609 2232 674 Occidentales
2260 626 2365 670 au·

507 729 639 782 tem
666 718 819 786 duas
852 718 1080 783 habeut
1120 716 1427 778 versiones
1454 763 1474 793 ‚
1519 715 1879 801 Simplicem
1903 763 1922 791 ‚
1956 729 2108 800 quae
2130 735 2203 776 ex
2233 713 2367 775 He-

509 815 726 885 braico
773 812 835 882 in
881 821 1216 906 Syriacum
1243 819 1534 880 translata
1563 829 1655 880 est
1703 829 1847 902 post
1874 816 2202 881 adventum
2232 813 2367 875 Do-

509 924 664 989 mini
712 922 977 1000 Christi,
1022 934 1299 1006 tempore
1328 922 1587 984 Addaei
1610 917 1937 1005 Apostoli,
1974 917 2109 994 ve13
2151 926 2221 977 ut
2264 912 2365 977 alii

518 1022 778 1101 dicunt,
817 1035 1098 1107 tempore
1140 1023 1501 1085 Salomonis
1553 1019 1661 1083 filii
1709 1017 1963 1081 Davidis
1997 1030 2058 1080 et
2099 1018 2365 1092 Hiram,

506 1118 579 1167 >28
608 1134 669 1184 et
712 1123 1069 1206 Figuratam
1112 1122 1446 1185 secundum
1488 1121 1899 1207 Septuaginta
1921 1166 1942 1197 ‚
1969 1133 2002 1181 e
2036 1119 2275 1182 Graeco
2301 1115 2366 1176 in

512 1226 846 1309 Syriacum
884 1224 1227 1288 traductam
1250 1273 1267 1301 ‚
1308 1225 1495 1308 longo
1527 1235 1672 1311 post
1709 1219 2205 1285 lucar-nationem
2232 1213 2367 1278 Sal·

515 1324 746 1387 valoris
792 1323 1115 1387 intervallo
1141 1369 1157 1385 .
1189 1370 1236 1401 „

603 1424 779 1489 Haec.
817 1447 966 1509 pene
1012 1425 1140 1487 sola
1174 1448 1246 1488 ex
1291 1423 1707 1509 scriptoribus
1751 1421 2021 1506 Syriacis
2069 1416 2368 1502 deprom-

516 1533 624 1607 pta
675 1531 820 1590 sunt,
864 1522 947 1586 nd
990 1523 1318 1586 historiam
1368 1524 1742 1586 Versionum
1789 1523 2173 1608 Syriacarum
2218 1516 2370 1578 con·

499 1623 935 1686 -sarcinandam
961 1670 980 1702 ,
1028 1642 1143 1688 nec
1172 1625 1418 1711 quidem
1466 1626 1648 1689 facile
1676 1624 2076 1687 luculentiora
2120 1622 2183 1683 in
2215 1637 2367 1703 quo·

513 1726 609 1789 vis
648 1726 774 1789 alio
802 1728 1123 1813 scriptore
1146 1730 1568 1807 invenientur}
1601 1751 1793 1816 quum
1826 1728 2009 1791 fuerit
2036 1727 2195 1787 inter
2224 1741 2370 1785 suos

515 1827 956 1893 Barhebraeus
1014 1827 1207 1895 ferme
1269 1829 1662 1928 ,wrtm‘sa‘sog
1692 1879 1713 1900 .

606 1947 727 2009 Sed
775 1948 900 2010 toti
949 1947 1098 2011 huic
1159 1961 1400 2011 nostrae
1453 1947 1910 2031 investigationi
1962 1945 2365 2031 praemitten-

518 2048 715 2127 dum,
770 2072 895 2112 non
945 2050 1100 2112 adeo
1144 2052 1530 2134 Scriptorum
1577 2052 1775 2125 verbis
1820 2050 2255 2123 insistendum,
2299 2059 2367 2109 ut

512 2150 725 2213 statim
772 2168 846 2210 ac
894 2151 1265 2214 Versionem
1319 2151 1701 2213 nominatam
1752 2150 2074 2227 audimus,
2106 2168 2240 2210 vere
2267 2146 2371 2207 di-

513 2252 807 2315 stinctam
838 2251 1178 2314 versionem
1226 2253 1605 2331 cogitemuse,
1638 2253 1759 2316 hoc
1803 2255 1969 2316 enim
2001 2253 2273 2314 solemne
2306 2260 2368 2313 et

510 2349 747 2414 Latinis
784 2361 845 2412 et
879 2353 1130 2413 Graecis
1177 2375 1300 2415 non
1347 2353 1550 2415 minus
1582 2376 1768 2438 quam
1814 2354 1985 2438 Syris
2006 2400 2025 2430 ‚
2053 2354 2368 2414 editiones

519 2474 630 2516 seu
658 2457 1063 2515 recensiones
1106 2475 1292 2515 novas
1316 2499 1338 2532 ‚
1382 2460 1743 2518 versionum
1772 2456 2018 2516 nomine
2047 2453 2333 2516 decorare
2351 2496 2368 2513 .

497 2557 619 2618 -Sic
643 2568 864 2617 auctor
886 2555 1246 2641 Synopseos
1267 2558 1501 2620 Sacrae
1527 2560 1895 2642 Scripturae
1917 2605 1936 2635 ‚
1964 2557 2269 2643 Operibus
2294 2553 2365 2619 S.

504 2653 861 2721 'Athanasii
880 2656 1136 2718 insertae
1163 2704 1182 2734 ‚
1228 2661 1504 2723 Luciani
1533 2661 1976 2728 Recensionem
2011 2660 2193 2720 LXX
2226 2658 2370 2726 lntt.

511 2753 782 2840 appellat
809 2755 1081 2858 {mgnum
1119 2778 1222 2818 seu
1269 2764 1606 2823 versionem
1634 2807 1650 2820 .
1682 2767 1746 2816 29
1771 2759 1871 2820 Sic
1907 2775 2149 2843 quoque
2176 2757 2376 2820 Nice-e

512 2878 615 2930 tas
644 2867 907 2931 eundem
954 2871 1307 2935 Lucienum
1357 2874 1614 2935 Sacrum
1661 2871 1963 2934 Codicum
1989 2870 2371 2936 transtulis-

732 3055 1096 3080 mm

1463 3061 1629 3084 m
1637 3059 2173 3086 mmm

507 3230 517 3242 ‹
611 3204 729 3269 (28)
763 3206 814 3257 Si
853 3222 969 3255 vera
1012 3204 1075 3254 sit
1103 3205 1249 3256 lectio
1290 3207 1340 3256 in
1367 3210 1491 3258 notis
1525 3211 1742 3260 adducta
1768 3246 1786 3272 ,
1828 3213 1974 3263 reddi
2010 3212 2196 3265 debent
2237 3229 2363 3280 quae

517 3298 810 3350 coquuntur,
846 3292 1049 3337 Domitii
1096 3294 1237 3355 Iyri,
1266 3301 1313 3356 et
1350 3298 1906 3358 septuagintaviralem,
1949 3306 2043 3346 etc.

600 3375 713 3433 (29)
759 3361 856 3435 Ap.
899 3371 1199 3425 Humphred.
1247 3373 1464 3421 Rodium
1479 3410 1495 3432 ,
1540 3379 1615 3424 De
1653 3379 1933 3430 Bibliorum
1977 3379 2217 3432 Tea-tibus
2255 3382 2378 3431 ora·-

502 3454 646 3517 giual
673 3483 691 3501 .
727 3462 827 3504 ete.
859 3455 1005 3511 Libri
1038 3458 1142 3510 11².
1180 3455 1341 3509 Oxou*
1385 3457 1529 3526 ¹7¹5·
1565 3476 1623 3527 p·
1651 3462 1769 3515 502·
