2444 4062
927 249 1044 328 241

63 365 352 446 jecturam
426 361 638 419 saltem
699 379 820 419 non
883 360 1359 443 improbabilem
1430 363 1830 446 suppeditant
1870 397 1905 444 ·,

59 467 262 546 ipsum
294 483 433 521 vere
478 462 631 524 hanc
685 463 1115 525 collectionem
1157 478 1527 548 punctorum
1575 478 1636 527 et
1681 468 1908 530 lectio-

45 583 210 624 num
253 563 614 624 recensionis
660 562 1108 648 Karkaphensis
1159 565 1492 628 extraxisse
1539 577 1598 628 et
1630 566 1909 649 primum

52 662 341 722 omnium
392 662 455 722 in
512 662 785 724 medium
821 663 1153 748 protulisse
1184 708 1201 724 .

138 762 230 822 De
257 764 506 824 nomine
537 763 1001 848 Karkaplzensis
1033 764 1291 847 paucula
1320 765 1644 851 adjungam
1673 811 1691 825 .
1723 766 1782 828 N
1787 788 1900 828 on·

1761 913 1793 944 a
1878 907 1908 944 φ

54 957 383 1026 nullorum
434 958 721 1020 sententia
775 971 868 1022 est
913 1007 931 1036 .,
997 961 1202 1043 ipsum
1260 961 1535 1023 derivare
1571 984 1602 1022 a
1656 966 1900 1036 &930

53 1057 319 1119 Arabice
369 1056 580 1164 ῳ)
627 1062 1104 1143 Mesopotamiae
1159 1058 1355 1138 urbe3
1419 1058 1467 1109 14
1517 1060 1620 1121 alii
1664 1084 1697 1123 a
1730 1061 1900 1147 Syris

50 1174 356 1231 montanis
424 1174 735 1234 desumere
817 1171 1051 1232 malunt
1104 1214 1121 1231 .
1191 1176 1680 1234 Assemanoram
1753 1198 1902 1236 sen-

51 1272 233 1333 tentia
291 1274 603 1355 singularis
655 1287 796 1334 est.
846 1268 894 1318 ¹5
946 1275 1171 1334 Putant
1226 1276 1514 1336 nimirum
1570 1291 1901 1339 montanae

47 1377 292 1437 nomine
328 1378 624 1459 designari
665 1379 999 1437 versionem
1035 1401 1148 1460 qua
1195 1392 1443 1438 utuntur
1481 1381 1809 1441 Jacobitae
1836 1391 1901 1442 et

50 1476 380 1536 Maronitae
411 1505 424 1534 ε
474 1476 622 1536 haec
654 1490 854 1536 autem
884 1478 999 1536 alia
1044 1500 1162 1536 non
1198 1491 1287 1537 est
1323 1501 1505 1560 quam
1544 1481 1840 1563 Simplex
1876 1523 1892 1539 .

47 1581 340 1641 Attamen
385 1581 676 1640 sententia
733 1581 845 1638 ista
911 1581 1140 1639 nemini
1189 1592 1340 1663 puto
1398 1602 1578 1663 posse
1631 1582 1897 1643 arridere

46 1681 148 1764 qui
194 1679 430 1741 noverit
469 1681 935 1740 Barhebraeum
971 1700 1212 1762 semper
1260 1682 1443 1741 citare
1488 1680 1893 1766 Kerkaphen-

43 1804 138 1844 ses
176 1780 464 1843 lectiones
491 1794 781 1864 tanquam
826 1783 1259 1865 discrepantes
1285 1807 1316 1844 a
1343 1784 1628 1846 Peschito
1658 1829 1674 1845 .
1721 1783 1895 1843 Con-

46 1894 167 1943 stat
196 1885 420 1966 pariter
450 1906 532 1943 ex³
582 1888 702 1966 jam
750 1882 937 1942 dictis
972 1882 1131 1942 nulla
1181 1886 1417 1947 ratione
1451 1885 1894 1947 Maronitarum

43 1983 414 2068 exemplaria
446 1981 821 2044 concordare
850 2003 989 2042 cum
1029 1983 1143 2043 hac
1170 1986 1517 2046 recensione
1550 2029 1566 2045 .

133 2087 219 2145 At
247 2104 432 2166 quum
466 2081 787 2165 probabile
825 2083 1191 2158 ostenderim
1237 2096 1520 2168 excerpta
1553 2086 1707 2147 haec
1735 2084 1892 2144 inter

21 2186 104 2242 '''se
137 2185 441 2244 consuisse
468 2186 800 2258 Davidem,
824 2182 1140 2266 probabile
1164 2206 1284 2245 non
1305 2185 1506 2248 minus
1538 2200 1650 2266 est,
1673 2189 1888 2272 ipsum

12 2283 16 2287 ’
42 2284 119 2343 ad
139 2307 350 2346 eorum
368 2285 671 2346 Codicum
701 2286 1161 2368 punctationem
1192 2299 1252 2347 et
1281 2290 1690 2373 recensionem
1712 2288 1894 2350 labo-

35 2407 176 2448 rem
230 2386 563 2469 suscepisse
598 2432 617 2462 ‚
682 2387 786 2469 qui
836 2408 1089 2449 suorum
1151 2389 1436 2451 manibus
1487 2393 1834 2455 terebantur
1872 2442 1892 2455 .

44 2485 234 2548 Porro
259 2485 372 2546 iste
399 2486 615 2565 legitur
635 2488 697 2547 in
718 2489 920 2549 Sancti
942 2490 1218 2552 Aaronis
1244 2491 1548 2553 coenobio
1576 2493 1721 2557 huic
1743 2516 1890 2556 mu-

13 2589 168 2647 ¹neri
222 2587 569 2648 incubuisse
605 2633 624 2663 ‚
673 2587 839 2670 quod
896 2589 1148 2672 quidem
1205 2591 1395 2654 situm
1448 2605 1542 2653 est
1590 2595 1654 2656 in
1704 2576 1914 2682 prae-s

431 2752 1686 2782 mmmmmmw

36 2854 303 2906 absolvisse
334 2853 431 2900 dici
448 2854 604 2902 valeat
627 2886 642 2901 .
678 2856 743 2904 At
771 2874 862 2906 nec
879 2858 1026 2921 hujus
1051 2859 1286 2923 loquendi
1308 2861 1443 2908 modi
1472 2864 1652 2912 desunt
1669 2869 1890 2933 exempla

33 2941 163 2989 inter
194 2942 370 3003 Syros,
407 2939 482 2985 lta
511 2938 660 3001 igitur
688 2945 807 2988 Mar
835 2944 1003 2990 Abba-s·
1025 2943 1147 2992 dicit
1175 2949 1228 2993 in
1251 2946 1474 2994 ordinem
1504 2949 1892 3014 redactossm's-

15 3101 87 3132 ase
123 3081 147 3161 (
180 3081 404 3152 magt?
431 3078 456 3160 )
483 3081 707 3127 canones
738 3067 1061 3160 ''g—K*⁰⁹
1103 3069 1442 3137 μισ-...λοι
1469 3074 1663 3138 Itu-000
1705 3105 1889 3150 magno

27 3181 213 3229 sudore
237 3181 495 3236 celabam,
533 3179 690 3237 (Bib.
722 3182 804 3226 Or.
839 3181 895 3227 T.
925 3182 1013 3228 111.
1043 3183 1101 3229 P.
1133 3183 1174 3230 1.
1191 3200 1246 3247 p.
1265 3199 1345 3250 77.
1372 3192 1616 3244 summa‚)
1650 3183 1768 3248 ipsis
1786 3191 1892 3234 Da-

26 3261 164 3315 vidis
189 3258 351 3308 verbis
381 3267 523 3304 utens
542 3293 554 3305 .

11 3396 20 3403 ³
117 3342 227 3399 (14)
262 3338 492 3386 Andreas
531 3342 716 3388 Miiller
736 3362 751 3397 3
801 3341 1091 3389 Dissertatt.
1127 3342 1288 3400 duae,
1329 3354 1423 3390 etc.
1454 3342 1580 3390 Diss.
1629 3358 1678 3390 2.
1706 3361 1756 3409 p.
1806 3345 1886 3401 ko.

32 3419 236 3480 Adler,
276 3426 341 3471 N.
380 3424 438 3468 T.
484 3425 728 3470 versiones
766 3432 863 3468 etc.
902 3438 954 3486 p.
994 3425 1074 3480 34.

122 3500 235 3573 (15)
272 3506 509 3556 Btbzeoch.
539 3509 637 3572 Ap.
687 3509 800 3560 ναι.
852 3496 1017 3557 eata'l.
1048 3509 1100 3557 P.
1144 3508 1181 3556 1.
1230 3508 1289 3556 T.
1324 3507 1368 3554 1.
1402 3523 1458 3579 p·
1501 3506 1624 3580 ²322

1284 3610 1364 3678 ²7
