2444 4062
981 158 1064 222 65

89 281 250 349 test,
296 269 566 332 cadaver
598 291 894 355 exangue
931 318 951 351 ,
1001 271 1176 356 quale
1208 280 1300 332 est
1328 264 1623 336 hominis
1656 275 1718 335 in
1753 296 1934 338 cruce

86 376 311 438 mortui
342 421 361 451 ,
406 388 529 436 tam
559 379 794 436 siccum
839 399 976 439 esse
1023 399 1210 462 quam
1249 381 1444 459 panis
1475 402 1490 433 z
1524 375 1744 439 deinde
1781 381 1937 442 Cor-

82 499 198 561 pus
233 477 493 554 Christi,
518 476 572 536 si
606 477 859 560 mystice
887 479 1305 541 consideretur
1330 489 1395 537 ut
1417 477 1575 537 Caro
1608 479 1933 558 sacrificii,

77 581 238 667 *alere
265 570 555 660 mentem,
594 593 661 641 ut
693 583 866 664 panis
902 604 1126 666 corpus
1158 581 1262 641 alit
1299 626 1312 641 .
1340 626 1383 656 „
1419 581 1576 656 Quis
1616 601 1737 642 non
1767 581 1935 642 videt

84 680 405 766 quomodo
453 705 513 743 se
559 682 885 744 adversarii
934 694 1381 766 contorqueant
1429 695 1494 743 ut
1537 704 1783 742 sensum
1824 683 1934 745 lit-

84 785 331 844 teralem
366 782 650 865 effugiant
681 831 698 861 ,
751 798 814 846 ut
843 782 1186 867 emphatica
1238 782 1341 843 illa
1372 783 1552 844 verba
1598 783 1676 844 ad
1719 785 1936 864 figuras

84 891 408 952 deflectant
432 935 446 949 .
479 889 596 950 Sed
623 903 996 953 contextum
1031 889 1213 951 nobis
1235 889 1456 964 favere,
1477 890 1714 973 patebit
1742 890 1934 952 cuivis

83 993 254 1075 ipsos
279 993 690 1052 protestantes
720 990 936 1072 legenti
966 1036 981 1052 .
1021 993 1347 1054 Percurrat
1376 991 1471 1052 vel
1501 1015 1795 1076 suspenso
1824 1017 1937 1078 pe·

90 1094 165 1155 de
201 1141 218 1172 ,
270 1096 371 1178 qui
407 1094 812 1156 commodum
861 1094 1046 1155 habet
1077 1144 1094 1172 ‚
1143 1096 1505 1157 Doctissimi
1552 1097 1708 1158 inter
1762 1098 1934 1180 ipsos

85 1195 198 1254 viri
223 1197 325 1257 Jo.
360 1195 582 1276 Goaffeu
630 1193 986 1256 Ec‘clzhorm'
1019 1196 1624 1258 Commentationem
1671 1195 1745 1256 de
1781 1196 1937 1256 Ver-

60 1294 179 1355 -bis
206 1295 606 1356 Institutionis
630 1340 648 1369 ,
691 1301 739 1333 '⁰
769 1307 1056 1376 quantam
1087 1296 1353 1356 inveniet
1383 1298 1444 1356 in
1476 1293 1935 1380 interpretando

85 1395 392 1456 licentiam
417 1441 433 1469 ‚
482 1405 547 1453 ut
590 1392 976 1476 probabilem
1016 1394 1284 1479 aliquem
1317 1417 1563 1458 sensum
1592 1444 1608 1472 ,
1638 1419 1672 1456 a
1720 1406 1933 1455 nostro

85 1499 516 1561 abhorrentem
536 1544 552 1574 ‚
575 1497 804 1558 Christi
839 1501 1042 1565 verbis
1078 1500 1284 1584 affigat
1313 1544 1327 1559 .
1383 1499 1675 1582 Confugit
1725 1498 1827 1558 ille
1858 1495 1939 1557 ad.

85 1602 300 1660 fictum
363 1597 518 1658 illud
572 1601 1122 1682 Procevangelium
1173 1599 1606 1675 Hebraicum,
1641 1622 1718 1661 ex
1765 1603 1939 1684 cujus

90 1697 541 1781 exemplaribus
576 1699 732 1758 inter
783 1719 844 1757 se
892 1700 1159 1760 invicem
1196 1698 1601 1774 variantibus,
1640 1697 1937 1782 supponit

89 1802 506 1881 Evangelistas
524 1815 581 1862 et
601 1802 855 1862 Paulum
881 1804 1292 1865 narrationem
1315 1803 1389 1865 de
1409 1803 1825 1864 Eucharistiae
1847 1801 1939 1859 in·-

89 1903 404 1963 stitutione
423 1901 864 1983 desumpsisse.
901 1905 1073 1964 Tunc
1104 1904 1340 1978 statuit,
1360 1902 1420 1962 in
1451 1900 1628 1962 Pauli
1650 1914 1710 1961 et
1737 1904 1939 1962 Lucae

87 2003 534 2088 exemplaribus
558 2006 929 2085 glossemata
960 2004 1249 2066 nonnulla
1281 2006 1344 2066 in
1376 2016 1625 2067 textum
1660 2002 1940 2086 irrepsis-

90 2129 151 2169 se
170 2105 362 2182 ,unde
385 2107 655 2188 ipsorum
684 2107 1094 2166 narrationem
1127 2103 1535 2187 castigandam
1552 2103 1754 2165 dicit¹¹
1774 2147 1789 2164 .
1809 2104 1940 2165 Nec

93 2208 290 2268 adhuc
338 2207 526 2284 satist,
574 2207 681 2267 sed
723 2219 785 2267 et
826 2210 1059 2268 Lucam
1097 2209 1352 2292 conjicit
1396 2229 1523 2269 non
1557 2207 1715 2268 bene
1755 2224 1941 2266 accu-

92 2319 337 2390 rateque
390 2319 799 2390 prototypum
863 2307 1044 2371 illum
1101 2308 1474 2369 Hebraicurn
1519 2308 1584 2367 in
1633 2309 1942 2368 Graecum

69 2407 510 2470 ·transtulisse!
564 2417 611 2448 ¹²
658 2408 765 2469 His
802 2420 930 2468 tam
975 2408 1196 2470 solidis
1248 2408 1665 2473 fundamentis
1713 2406 1934 2491 jactiS,

91 2511 224 2575 vim
270 2510 606 2574 verborum
653 2513 713 2572 in
762 2511 1048 2596 formulis
1077 2511 1538 2575 instituentibus
1582 2511 1658 2571 ad
1688 2531 1942 2572 examen

93 2626 387 2694 revocate,
436 2615 753 2677 innumera
805 2596 946 2677 loica
1012 2616 1285 2698 congerit
1327 2616 1687 2697 confertque
1717 2656 1731 2679 ‚
1788 2631 1940 2693 quae

95 2716 253 2778 nihil
283 2739 412 2779 rem
453 2717 798 2799 attingunt,
833 2718 1084 2780 tandem
1125 2741 1270 2780 vero
1295 2719 1540 2796 statuit,
1573 2713 1755 2778 verba
1783 2710 1890 2773 illa
1915 2755 1938 2789 ‚

636 2834 785 2886 Tere
815 2824 904 2895 ἐςι
951 2849 1016 2887 το
1073 2850 1253 2911 empta
1280 2850 1400 2911 με,

620 2933 762 2996 Hoc
795 2946 891 2995 est
927 2934 1170 3017 Corpus
1197 2957 1425 3010 meum,

306 3097 482 3119 m

843 3096 1734 3121 mmmmm

183 3212 295 3266 (xo)
341 3207 490 3255 Ueber·
534 3209 615 3257 die
660 3215 968 3275 Einsetzung
993 3235 1024 3246 -·
1070 3219 1238 3262 Worte
1272 3213 1365 3262 des
1407 3215 1458 3261 h.
1499 3207 1865 3265 Abendmahls,
1892 3201 1945 3249 in

99 3287 315 3353 ejusdem
342 3290 644 3353 Allgemeine
678 3295 980 3346 Bibliotkek.
1009 3295 1146 3344 Tom·
1181 3294 1274 3350 Vl,
1302 3312 1394 3362 pp.
1425 3294 1523 3363 759
1545 3317 1577 3332 -·
1607 3309 1717 3359 772·

189 3369 302 3440 (ιι)
344 3369 418 3417 lb.
459 3386 512 3434 p.
556 3373 672 3436 769.

193 3458 311 3516 (ια)
346 3451 490 3518 1b.p.
524 3471 638 3520 770·
