2444 4062
932 149 1067 229 2193

83 258 267 343 (sic)
312 258 508 320 media
552 258 780 321 vocalis
821 263 1162 346 composita
1198 273 1287 322 est
1321 304 1337 321 .
1373 262 1638 344 Legitur
1690 260 1910 330 eodem

537 381 604 432 μ
666 382 693 418 4

81 459 274 521 modo
301 505 319 534 ‚
353 470 685 527 uqa-...³9
712 510 727 528 ,
777 473 836 521 et
870 466 953 522 ita
998 463 1062 522 in
1111 460 1368 521 vocibus
1415 459 1719 520 similibus
1746 506 1762 521 .

170 558 442 621 Tandem
486 583 604 621 non
648 538 826 622 ⁹aliter
859 575 1307 642 coagmentatur
1340 562 1553 622 similis
1583 560 1917 642 diphthon-

84 683 189 743 gus
212 682 283 733 ξς.
307 681 446 719 cum
482 661 674 720 vocali
699 704 728 739 ,Ι
751 708 767 732 ,
820 667 985 745 cujus
1011 659 1363 744 exemplum
1405 659 1588 720 habes
1628 661 1689 719 in
1722 659 1923 741 prima

754 783 822 836 ᾖ,
975 777 1000 814 4

85 872 235 912 voce
278 854 485 913 tertiae
526 852 715 913 lineae
750 843 1000 911 αιὲδΰο
1054 880 1068 909 =
1098 874 1170 912 ex
1217 874 1332 934 qua
1367 875 1486 912 non
1523 848 1917 934 improbabi-

84 951 227 1014 liter
276 954 571 1016 deducere
637 974 961 1036 possumus
1006 999 1023 1027 ‚
1094 964 1134 1002 θ
1180 953 1355 1012 finale
1405 951 1727 1012 verborum
1777 969 1920 1033 per-

87 1067 324 1117 tenuem
372 1057 632 1138 aliquem
679 1076 896 1115 sonum
946 1054 1203 1114 edidisse
1235 1101 1252 1129 ,
1304 1055 1405 1136 qui
1458 1055 1516 1112 in
1566 1050 1918 1136 hujusmodi

84 1156 282 1218 verbis
315 1161 373 1220 in
407 1159 858 1241 diphthongum
893 1179 1032 1216 cum
1066 1205 1096 1239 u
1129 1145 1544 1228 coalescebat,
1581 1167 1639 1213 et
1685 1154 1915 1227 indieS‚

81 1278 197 1340 pro
253 1259 516 1340 neglecta
575 1262 814 1341 Syriaca
871 1261 1222 1340 vigenteqm²
1281 1258 1544 1318 Arabica
1606 1254 1865 1315 dialecto
1891 1297 1910 1331 ,

80 1356 442 1437 liebescen5‚
494 1352 733 1420 tandem
783 1362 1030 1418 omnino
1078 1359 1333 1417 amissus
1380 1356 1489 1416 fuit
1521 1399 1537 1415 .

170 1462 265 1521 Ex
317 1461 482 1521 hisce
532 1462 811 1523 omnibus
864 1473 1027 1545 patet
1080 1451 1240 1543 quod
1296 1459 1530 1519 dictum
1568 1479 1747 1540 supra
1780 1466 1913 1533 est,

83 1559 144 1622 in
169 1562 394 1624 Codice
423 1564 713 1622 nimirum
746 1575 950 1622 nostro
977 1582 1101 1620 non
1126 1564 1404 1643 quinque
1431 1571 1652 1641 puncta
1678 1555 1913 1616 vocalia

83 1662 212 1726 sola
243 1685 368 1724 esse
402 1663 506 1723 sed
541 1678 681 1724 octo
717 1661 803 1721 vel
836 1684 1045 1722 novem
1078 1687 1092 1717 ε
1124 1659 1277 1720 nulla
1314 1662 1472 1719 enim
1506 1660 1657 1720 ratio
1687 1670 1777 1718 est
1811 1677 1920 1716 cur

86 1775 312 1847 puncta
344 1784 410 1822 ex
435 1792 503 1845 s
528 1783 728 1836 cunm,
762 1773 932 1837 metu
963 1761 1303 1843 composita
1335 1781 1447 1842 pro
1478 1760 1719 1841 punctis
1738 1777 1921 1839 aeque

86 1863 380 1924 distinctis
414 1886 528 1922 non
554 1862 874 1929 habeamus
914 1882 982 1919 ac
1018 1859 1172 1920 illud
1206 1860 1370 1942 quod
1405 1880 1545 1918 cum
1575 1886 1606 1918 ,ο
1633 1855 1922 1921 efforma-

85 1974 186 2022 tur
217 2007 231 2022 .
281 1962 575 2034 Quamvis
610 1962 766 2020 enim
796 1960 914 2019 hoc
940 2006 955 2034 .,
994 1960 1189 2019 forma
1236 1959 1486 2040 paulum
1517 1971 1744 2017 mutata
1773 2004 1791 2035 .‚
1822 1980 1923 2018 re-

89 2063 324 2124 centior
375 2060 807 2141 orthographia
838 2059 1154 2119 retinuerit
1186 2105 1202 2135 .‚
1251 2058 1372 2117 illis
1404 2059 1634 2140 rejectis
1655 2104 1673 2132 ‚
1723 2070 1923 2121 tamen

85 2164 148 2222 in
182 2159 410 2220 Codice
447 2174 655 2220 nostro
690 2172 929 2220 constat
968 2160 1168 2219 omnia
1203 2180 1387 2242 aeque
1426 2158 1638 2219 haberi
1674 2179 1795 2243 pro
1823 2158 1925 2219 di·-

87 2261 381 2349 phthong
377 2282 464 2319 s.

174 2364 332 2421 Haec
389 2362 565 2441 igitur
619 2360 802 2418 fusius
863 2360 1063 2419 foraean
1121 2364 1303 2442 quam
1348 2358 1606 2421 decebat
1667 2343 1753 2422 de
1806 2359 1927 2422 Co·

88 2459 245 2534 dicis
289 2482 426 2519 vere
459 2459 699 2538 insignis
747 2458 1162 2542 descriptione
1207 2458 1375 2520 dicta
1421 2459 1590 2539 sint3
1636 2480 1798 2520 nunc
1824 2481 1926 2523 ve-

87 2581 159 2620 ro
208 2559 283 2618 ad
334 2558 443 2617 alia
473 2557 978 2642 progrediamur.
1907 2549 1911 2553 ’

899 2762 950 2830 ξ.
997 2759 1116 2818 IV.

181 2959 287 3020 De
334 2959 482 3020 aliis
527 2958 992 3041 Karkaplzensis
1021 2963 1409 3024 recensionis
1444 2964 1794 3030 Codicibus
1817 3013 1835 3032 .

181 3157 480 3219 Hactenus
509 3157 630 3218 de
615 3181 747 3242 ipsa
776 3161 1091 3224 existentia
1112 3165 1647 3244 Kerkaphensc'um
1677 3167 1924 3245 Codd.‚

90 3266 161 3316 ut
189 3257 362 3317 initio
418 3257 714 3334 vidimuS‚
763 3258 1137 3325 decertatum
1179 3275 1309 3325 est.
1356 3286 1516 3327 nunc
1563 3287 1754 3348 vere,
1798 3287 1925 3342 non

92 3376 247 3419 unus
295 3357 459 3421 solus
492 3358 671 3422 nobis
719 3363 983 3459 occurrit
1027 3362 1138 3426 sed
1162 3362 1408 3450 plures

1380 3450 1469 3550 ‚4-
