2444 4062
981 218 1060 265 n

109 318 434 385 sumendae
460 328 625 396 sunt,
649 315 854 398 urgeri
882 315 1074 399 possit
1104 359 1126 393 .,
1157 310 1280 373 hoc
1313 319 1543 372 certum
1575 317 1595 389 ‚'
1621 313 1926 393 significa·-

108 425 340 486 tionem
371 443 472 484 res
518 420 796 503 symbolo
842 417 1352 502 repraesentandi
1402 412 1583 474 nullis
1618 418 1932 498 >*exemplis

106 525 434 611 probatam
459 523 743 583 hactenus
771 519 953 581 fuisse
981 544 1014 578 a
1051 514 1524 599 Lexicographis
1547 559 1568 593 ‚
1599 515 1756 578 unde
1794 516 1933 577 abs-

109 650 227 712 que
259 620 478 686 idonea
515 623 876 684 auctoritate
928 624 1066 684 voci
1102 631 1343 683 nostrae
1374 618 1707 703 apponitur
1731 662 1749 677 .

104 728 205 787 Ex
236 725 402 785 hisce
422 724 714 809 „omnibus
745 722 1021 805 apparet*
1045 719 1356 781 laudatum
1386 718 1721 809 Auctorem
1748 766 1767 796 ‚
1811 719 1936 782 lin-

106 845 249 905 guae
290 822 567 905 Syriacae
618 821 861 881 inscitia
890 867 908 898 ‚
940 819 1076 880 ideo
1128 818 1326 880 minus
1387 814 1466 875 ad
1515 840 1645 879 rem
1699 821 1936 900 egisse,

107 924 276 1008 quod
317 925 440 984 duo
485 924 783 984 vocabula
824 924 890 983 in
936 921 1210 984 medium
1251 917 1577 1004 protulerit
1606 965 1627 997 ‚
1675 933 1943 1003 quorum

109 1028 306 1088 neutri
343 1028 673 1087 conveniat
719 1010 804 1087 vis
838 1046 1024 1109 quam
1063 1024 1216 1109 ipsis
1259 1016 1472 1083 tribuit
1500 1068 1519 1102 ‚
1560 1024 1612 1083 si
1650 1023 1955 1106 exemplis

111 1124 399 1186 hactenus
427 1124 713 1185 adductis
748 1124 1039 1185 standum
1072 1125 1151 1184 sit
1177 1165 1193 1183 .
1237 1121 1361 1182 Sed
1397 1133 1599 1183 tamen
1638 1135 1780 1183 casu
1814 1123 1947 1185 for-

115 1240 372 1311 tunaque
418 1249 539 1287 non
591 1229 858 1289 multum
914 1251 948 1288 a
1002 1228 1247 1289 veritate
1304 1225 1609 1288 aberravit
1642 1274 1661 1303 ‚
1706 1229 1947 1311 utrique

107 1326 277 1386 enim
329 1326 483 1386 hanc
512 1325 1016 1409 significationem
1069 1343 1231 1385 nunc
1269 1322 1542 1408 primum
1583 1326 1947 1387 conciliandi

119 1427 145 1509 (
187 1428 341 1488 absit
392 1414 561 1488 dicto
612 1428 899 1510 invidia)
942 1448 1163 1492 munus
1217 1425 1385 1506 mihi¹
1410 1449 1655 1490 assumo
1692 1476 1714 1506 ‚
1759 1429 1962 1513 idque·

120 1528 411 1613 exemplis
468 1529 960 1598 luculentissimis
999 1551 1077 1590 ex
1114 1528 1383 1590 maxime
1426 1529 1697 1591 classicis
1739 1531 1947 1612 Syriae

119 1632 524 1716 scriptoribus
553 1680 568 1694 .
616 1636 777 1695 Satis
803 1653 956 1696 vero
1001 1655 1079 1695 ex
1109 1633 1291 1694 dicti‘s
1334 1644 1574 1695 constat
1598 1678 1617 1709 ‚
1652 1654 1832 1716 quam
1859 1634 1952 1695 fa-

121 1731 236 1792 cile
261 1718 615 1795 hallucinari
653 1736 896 1818 possint
924 1734 1043 1819 yiri
1077 1735 1472 1819 caeteroquin
1505 1734 1676 1794 docti
1702 1735 1804 1819 qui
1832 1755 1949 1795 no-

124 1833 238 1894 dos
281 1834 631 1919 hujusmodi
676 1835 1089 1919 philologicos
1167 1821 1410 1902 solvere
1447 1834 1899 1916 ‚aggrediuntur
1927 1879 1951 1910 ,

126 1954 317 2015 quum
344 1947 547 1997 tamen
589 1935 651 1996 in
694 1934 876 1998 rebus
931 1958 1084 2019 quae
1118 1945 1390 1996 tractant
1439 1935 1560 1995 sint
1601 1932 1779 2016 plane
1829 1935 1952 1997 ho-
2025 1950 2027 1952 ’

131 2034 358 2118 spiteS.

934 2139 982 2210 ξ.
1027 2133 1145 2196 ΙΙΙ.

233 2332 612 2404 ’Ἅᾱνενεανίἰ
644 2353 1005 2426 argumenta
1031 2361 1221 2424 posse
1248 2339 1375 2416 §ibi
1415 2345 1542 2424 ipsi
1573 2361 1803 2403 nocere
1825 2385 1841 2401 .

127 2567 131 2571 ·
212 2537 495 2613 Quanam
527 2540 722 2624 lingua
759 2539 1037 2608 Christus
1070 2544 1320 2627 eiusque
1345 2537 1636 2624 Apostoli
1662 2539 1724 2598 in
1760 2537 1962 2619 eollo-

129 2639 276 2722 quio
308 2642 401 2702 usi
433 2644 599 2721 sint,
644 2667 735 2707 res
764 2656 856 2706 est
902 2665 1052 2728 quae
1096 2642 1292 2704 adhuc
1343 2643 1455 2707 sub
1499 2639 1603 2702 lite
1637 2638 1697 2702 in
1743 2640 1965 2730 Philo-

130 2737 416 2826 logorum
456 2743 593 2805 foro
631 2735 1029 2809 constituitur
1057 2770 1074 2802 ε
1119 2754 1136 2783 ¹
1167 2743 1425 2805 libenter
1477 2754 1678 2813 tamen
1711 2743 1965 2817 Hcrneo

133 2836 296 2903 dabo
346 2839 514 2928 ipsos
549 2847 706 2909 inter
753 2869 818 2908 se
866 2845 1247 2908 familiariter
1281 2856 1518 2925 agentes
1547 2890 1568 2923 ‚
1614 2843 1975 2927 praesertim

128 2955 277 3008 ‚vero
329 2942 394 3005 in-
447 2945 568 3007 ritu
612 2967 789 3023 sacro
840 2944 1196 3030 peragendo
1223 2990 1244 3022 .‚
1289 2943 1557 3027 linguam
1602 2944 1973 3007 Aramaeam

336 3067 1765 3095 mmmmmmmm

137 3157 238 3190 esse
265 3144 396 3204 scio,
413 3149 500 3195 sed
518 3148 743 3215 Syiiacae
764 3151 986 3213 Linguae
1004 3151 1154 3215 longe
1173 3151 1334 3217 minus
1351 3148 1597 3214 peritum,
1623 3163 1767 3214 (fuam
1806 3164 1855 3196 se
1873 3145 1979 3196 vult

129 3221 333 3273 haberi·
372 3233 663 3285 ‚.leesaur
682 3237 991 3300 Epistolicus
1011 3237 1432 3286 La-Crozianus·
1436 3226 1511 3281 T
1531 3232 1623 3281 111.
1609 3249 1689 3297 ·P·
1712 3231 1828 3279 282.
1845 3226 1977 3282 Vide

139 3302 288 3352 etiam
339 3307 463 3355 ibid.
500 3326 551 3372 p
591 3313 671 3362 53.

222 3392 300 3446 (1)
333 3386 465 3438 Vide
493 3388 589 3441 hac
617 3389 679 3441 de
712 3406 809 3455 re,
855 3399 1180 3457 Eum-sum,
1239 3395 1305 3447 ad.
1336 3394 1515 3450 calcem
1545 3393 1694 3462 hujus
1727 3392 1980 3480 Commu

139 3468 387 3525 tationis.
