2444 4062
1469 211 1513 296 ζ

572 336 1003 401 ἰιιωιιειιιιιειιι
1020 368 1046 412 -,
1071 342 1189 397 ‘nee
1213 331 1402 397 animi
1432 343 1521 397 est
1551 352 1661 394 nec
1688 331 1984 394 instituti.
2004 331 2212 409 Quum
2231 329 2402 394 enim

571 448 926 519 'argumenta
959 437 1110 505 haec
1144 483 1166 514 ,
1210 458 1244 497 a
1275 434 1417 497 viris
1454 433 1787 496 eruditione
1832 455 1903 495 ac
1941 434 2180 515 ingenio
2213 453 2406 495 vene-

571 535 780 604 randis
827 541 1009 621 ‚jam
1042 535 1189 597 satis
1241 555 1360 595 non
1397 534 1601 595 dicam
1649 533 1884 616 repulsa
1926 533 2030 594 sed
2078 531 2403 617 Profligata

572 635 826 723 prorsus
873 638 1095 699 fuerint
1136 648 1195 697 et
1241 646 1541 720 prostrata
1571 681 1592 714 .,
1646 634 1750 696 vix
1790 648 1850 696 et
1896 658 1969 696 ne
2012 636 2117 695 vix
2160 633 2412 718 quidem

577 757 815 825 sperare
852 762 1152 825 possem,
1203 760 1300 799 me
1344 735 1571 821 aliquid
1607 738 1754 799 novi
1788 736 1903 797 hac
1953 737 2013 797 in
2061 758 2121 797 re
2152 735 2281 797 fore
2313 733 2411 795 al-

575 842 885 906 laturum.
906 840 1025 903 Sed
1056 862 1244 924 neque
1269 840 1391 901 hoc
1421 841 1649 923 patitur
1676 839 1987 901 Horarum
2008 838 2411 937 Syr-iocatum

576 943 1000 1029 titulus*quem
1029 940 1172 1004 huie
1205 963 1342 1004 meo
1377 940 1585 1004 libello
1621 927 1910 1026 praefixi·
1894 988 1912 1019 ,
1921 938 2176 1023 quippe
2208 939 2309 1021 qui
2342 962 2411 1002 ea

576 1055 818 1129 tantum
844 1043 1286 1130 pertractanda
1328 1055 1652 1117 assumat,
1701 1062 1851 1124 quae
1906 1038 1999 1100 vel
2043 1038 2415 1126 Philologiae

577 1123 891 1230 Syriacae,
942 1142 1040 1207 vel
1070 1166 1147 1206 ex
1179 1146 1312 1229 ipsa
1341 1143 1455 1205 hae
1488 1142 1822 1227 philologia
1849 1140 2098 1203 caeteris
2130 1139 2415 1227 diseipli-

578 1245 677 1311 nis
706 1243 935 1330 aliquid
977 1244 1134 1306 lucis
1169 1254 1349 1329 queat
1393 1244 1739 1305 affundere.

588 1344 595 1354 ⁸
671 1345 885 1446 Neque
915 1366 1058 1408 vero
1091 1345 1307 1407 desunt
1337 1346 1493 1407 inter
1520 1345 1897 1407 adversarios
1936 1390 1954 1420 ,
2000 1343 2105 1427 qui
2137 1339 2420 1405 Ρὶιίἱοῑοό

582 1444 746 1528 giam
790 1470 976 1533 quam
1022 1449 1166 1510 dico
1216 1449 1296 1510 ad
1339 1473 1443 1511 sua
1494 1461 1692 1509 castra
1729 1467 1947 1508 vocare
1982 1447 2112 1507 ausi
2146 1447 2316 1522 sint,
2355 1458 2419 1508 et

583 1558 725 1608 'eam
754 1556 1066 1641 tamquam
1103 1551 1224 1613 suis
1255 1550 1574 1636 partibus,
1609 1551 1670 1611 in
1706 1551 2057 1634 quaestione
2084 1569 2265 1632 quam
2296 1550 2423 1642 agi-

584 1659 725 1712 mus
764 1696 785 1728 ,
835 1649 1182 1729 faventem,
1231 1665 1426 1714 totam
1473 1652 1584 1715 sihi
1623 1652 1974 1714 vindicare.
2022 1652 2226 1725 Quum
2258 1650 2422 1713 euim

583 1748 775 1810 totius
809 1751 1220 1813 eontentionis
1242 1753 1332 1812 vis
1358 1754 1424 1811 in
1467 1773 1542 1813 eo
1580 1753 1777 1834 posita
1817 1752 1894 1811 sit
1924 1751 2162 1833 ‚quod
2196 1751 2424 1813 Catho-

585 1845 691 1906 liei
736 1832 1151 1909 Institutionis
1187 1845 1388 1909 verba
1427 1851 1489 1909 in
1523 1865 1698 1911 sensu
1732 1849 1920 1910 obvio
1954 1862 2014 1910 et
2045 1847 2288 1910 litterali
2322 1870 2427 1912 su-

585 1941 809 2005 menda
838 1955 1147 2020 asserant,
1181 1946 1597 2009 Protestantes
1629 1960 1774 2009 vero
1804 1948 1881 2009 ad
1909 1944 2092 2034 typos
2120 1962 2186 2014 et
2208 1951 2428 2033 figuras

591 2043 982 2126 confugiante,
1018 2046 1277 2105 maximi
1312 2050 1609 2108 momenti
1639 2068 1730 2108 res
1757 2062 1883 2125 est,
1912 2063 2090 2112 usum
2118 2062 2197 2112 'et
2225 2056 2428 2115 ratio-³

590 2169 732 2211 nem
760 2147 1075 2231 loquendi
1103 2146 1187 2207 ita
1216 2147 1575 2232 investigare
1596 2197 1615 2226 ‚
1636 2163 1703 2212 ut
1731 2151 2041 2214 videamus
2064 2166 2266 2218 utrum
2289 2175 2428 2215 ver·-

593 2245 674 2309 ba
699 2244 800 2307 illa
826 2290 845 2321 ,
875 2266 947 2307 eo
979 2244 1214 2307 scilicet
1241 2269 1366 2331 quo
1397 2249 1635 2333 prolata
1666 2251 1902 2312 fuerunt
1933 2274 2211 2317 sermone
2227 2298 2246 2330 ,
2248 2255 2431 2340 figu-

592 2341 800 2416 ratum
828 2344 1012 2408 etiam
1036 2391 1055 2424 ‚
1080 2356 1183 2405 aut
1216 2345 1413 2407 solum
1440 2348 1776 2411 litteralem
1809 2372 2052 2412 sensum
2082 2353 2386 2435 patiantur
2411 2390 2430 2415 ι

678 2445 840 2508 Hinc
867 2457 1105 2509 strenue
1138 2448 1579 2510 contenderunt
1610 2495 1628 2524 ‚
1670 2439 1828 2512 inter
1857 2453 2228 2536 antiquiores
2251 2453 2444 2516 Pro-x

589 2546 947 2615 testantium
981 2546 1365 2631 primipilus,
1409 2547 1759 2625 Calvinus,
1787 2551 2168 2628 Piccardus,
2200 2551 2433 2614 Melan-

600 2638 831 2723 tahon,
881 2645 1140 2732 aliique,
1182 2646 1211 2698 4
1242 2649 1547 2710 Christum
1586 2651 1887 2713 Hebraico
1940 2646 2220 2714 sermone
2251 2647 2433 2745 ιιέιιιιι

598 2732 1218 2827 'fuisse‚(A1-amaeo
1249 2749 1437 2832 magis
1469 2770 1606 2811 vere
1653 2751 2039 2834 dixissent)·
2022 2800 2041 2834 ,
2094 2752 2258 2836 huuc
2282 2773 2433 2818 vero

810 2908 1344 2938 mmm
1351 2911 2234 2946 mmmmm

685 3021 766 3095 (4)
801 3021 901 3088 Ap
946 3031 1201 3078 Your-aelii
1239 3031 1636 3083 continuatorem
1671 3035 1758 3083 inf.
1813 3036 2034 3085 citand
2069 3039 2285 3099 “Quod
2318 3057 2436 3092 ver-

599 3095 720 3150 Ιιιιιιι
769 3098 846 3160 ι’ςι
893 3103 1024 3152 idem
1069 3105 1154 3155 hic
1192 3107 1254 3156 sit
1300 3111 1435 3171 quod
1483 3112 1655 3162 Latine
1700 3114 1879 3162 dixeris
1916 3121 2168 3179 se'gmficat
2210 3154 2229 3178 ‚
2270 3134 2329 3169 ex
2376 3134 2438 3171 ιο

602 3188 829 3237 nonnulli
865 3200 979 3255 post
1028 3196 1339 3243 Cama-onem
1371 3195 1419 3241 in
1448 3202 1780 3263 Myrothecio,
1825 3212 1875 3248 et
1901 3206 2296 3267 Lemperouriun·
2332 3204 2440 3255 eol·-

601 3263 808 3331 liguut,
847 3272 980 3334 quod
999 3273 1237 3322 Hebraeis
1262 3275 1387 3323 desit
1403 3279 1642 3340 ejusmodi
1660 3298 1754 3329 vox
1770 3298 1893 3344 quae
1906 3280 1973 3336 τί
2009 3279 2249 3349 signifi'dat
2273 3286 2441 3352 expri-

600 3365 790 3497 usati„
773 3363 1062 3423 ,Wolfius,
1095 3368 1258 3415 Curae
1283 3367 1479 3418 Philol-
1504 3376 1551 3419 et
1584 3373 1802 3423 criticae
1830 3372 2101 3425 etc.13uil.
2134 3378 2276 3444 ι74ι.
2304 3376 2367 3428 '1'
2393 3377 2440 3430 1.

722 3453 808 3515 2¹
1646 3477 1656 3487 .
2001 3490 2005 3491 ⁷
