2444 4062
889 223 1003 288 161
1036 275 1039 279 .

860 447 910 517 ξ.
960 444 1079 507 ΙΙΙ.

139 645 402 709 Codicis
436 642 900 726 Karkaphensz's
934 644 1310 726 descriptio.
1366 643 1463 708 De
1478 638 1797 725 primaeva

324 748 632 809 vocalium
664 749 1070 830 Syriacamm
1077 745 1300 826 forma
1334 765 1425 833 ex
1452 748 1588 828 ipso

760 847 1123 928 disputatur
1151 887 1169 902 .
1590 843 1593 845 ⁴

122 1045 240 1108 Sed
271 1057 590 1130 antequam
642 1046 717 1107 ad
753 1049 959 1131 ipsum
994 1060 1232 1109 textum
1263 1031 1666 1121 descendum,
1712 1047 1911 1130 intrat>

35 1145 287 1208 Codicis
336 1162 456 1206 tam
512 1148 759 1229 insignis
819 1148 1300 1233 descriptionem
1356 1159 1634 1227 texere,
1690 1142 1886 1207 multa

34 1249 194 1310 enim
228 1248 406 1318 habet
457 1260 666 1308 notatu
720 1249 893 1331 digna
930 1295 945 1310 .

128 1347 344 1410 Codex
379 1361 467 1408 est
511 1349 768 1429 infolio
803 1364 869 1411 ut
902 1356 1109 1436 ajunt,
1158 1349 1655 1424 membranaceus
1681 1395 1700 1425 ‚
1733 1346 1887 1408 duas

37 1449 359 1511 columnas
439 1460 504 1508 ut
554 1469 687 1508 mos
716 1450 1073 1534 plerumque
1105 1451 1266 1535 Syris
1291 1499 1308 1525 ‚
1357 1449 1586 1510 habens
1618 1448 1680 1508 in
1727 1469 1881 1506 una-

37 1571 272 1634 quaque
302 1554 515 1635 pagina
535 1600 548 1610 .
586 1553 930 1614 Membrana
953 1577 1149 1615 crassa
1170 1566 1226 1613 et
1257 1551 1411 1613 flava
1432 1599 1450 1629 .‚
1477 1536 1888 1613 atramentum

36 1653 337 1736 pallidum
381 1666 442 1714 et
486 1651 854 1727 evanidam,
901 1653 1254 1737 praesertim
1301 1653 1362 1711 in
1391 1650 1678 1736 punctis,
1707 1649 1885 1707 itaut

34 1753 386 1834 saepissime
440 1753 540 1812 vix
583 1752 870 1832 distingui
926 1753 1120 1835 possit
1154 1776 1186 1813 a
1233 1753 1428 1814 minio
1473 1773 1598 1836 quo
1650 1760 1884 1834 puncta

37 1851 350 1924 diacritica
402 1864 461 1912 et
508 1851 804 1913 librorum
865 1853 1034 1913 initia
1105 1853 1413 1934 signantur
1461 1880 1481 1911 ι
1525 1849 1634 1931 sed
1688 1861 1892 1910 tamen

39 1953 365 2037 aliquando
398 1999 416 2029 ‚
463 1953 627 2014 idem
679 1953 897 2015 folium
947 1977 1019 2015 ex
1048 1977 1161 2014 una
1205 1965 1376 2039 parte
1406 1974 1557 2037 pene
1593 1960 1892 2012 vetustate

40 2056 313 2118 deletum
355 2102 373 2129 ‚
427 2079 503 2117 ex
566 2055 747 2116 altera
789 2077 932 2116 vero
982 2077 1187 2116 recens
1234 2076 1486 2139 prorsus
1529 2063 1780 2137 apparet
1815 2097 1830 2111 .
1870 2059 1890 2090 ¹

39 2154 248 2217 Immo
277 2177 475 2216 versus
509 2158 688 2216 finem
725 2157 870 2216 libri
902 2204 918 2233 ,
973 2157 1253 2239 plurimis
1304 2156 1366 2215 in
1402 2154 1561 2216 locis
1610 2150 1892 2213 videntur

41 2253 277 2317 litterae
317 2279 348 2315 a
381 2256 640 2317 secunda
692 2278 872 2316 manu
903 2259 1176 2318 restituta
1201 2303 1220 2334 ‚
1277 2256 1380 2317 sed
1432 2267 1597 2317 tanta
1631 2273 1777 2314 cura
1825 2261 1892 2323 ut

41 2356 245 2419 forma
288 2357 631 2418 litterarum
683 2357 837 2417 nihil
891 2381 1137 2442 prorsus
1196 2358 1518 2418 immutata
1573 2353 1801 2414 fuerit.
1860 2359 1890 2391 ²

2 2459 299 2522 >Certum
358 2461 606 2544 quidem
672 2473 876 2526 totum
928 2462 1224 2525 Codicem
1287 2483 1402 2523 una
1453 2480 1642 2520 manu
1708 2453 1908 2516 fuisse

42 2575 360 2626 exaratum
390 2609 406 2624 .
1720 2623 1722 2626 ,

136 2666 401 2727 Historia
446 2678 506 2726 et
565 2680 718 2727 aetas
754 2666 999 2729 Codicis
1059 2691 1136 2729 ex
1183 2661 1737 2751 subscriptionibus
1771 2676 1894 2745 pa-

51 2775 228 2840 tent,
284 2787 542 2847 quarum
600 2767 845 2851 quidem
902 2767 1107 2850 plures
1141 2768 1322 2828 habet
1366 2767 1724 2850 incipientes
1781 2760 1898 2822 fol.

55 2862 399 2948 penultimo
427 2907 442 2922 .
474 2867 702 2925 Omnes
731 2866 988 2947 integras
1020 2865 1185 2927 dabo
1212 2912 1231 2942 ‚
1271 2877 1501 2950 puncta
1530 2863 1854 2948 adjungens
1876 2903 1895 2938 ‚

57 2984 206 3046 quae
262 2962 477 3023 desunt
526 2967 778 3027 omnino
828 2967 894 3028 in
939 2967 1206 3029 Codice.
1256 2967 1465 3029 Prima
1505 2966 1734 3049 igitur,
1777 2961 1889 3023 lit-

267 3124 1516 3152 mmmmmmm
1528 3128 1697 3149 m-

146 3227 226 3281 (ι)
266 3222 408 3280 Quod
441 3223 573 3272 idem
599 3226 661 3274 de
689 3227 869 3277 celebri
899 3231 999 3278 MS.
1032 3228 1347 3279 Pentateuchi
1379 3225 1639 3277 parisiensi
1669 3221 1898 3269 animad-

55 3304 215 3434 νειιὲἒ
242 3304 488 3354 illustriss,
531 3315 680 3378 Sacy.
711 3317 1038 3375 (Eichlzorns
1082 3319 1384 3381 Allgemeinc
1420 3315 1633 3362 Bibliot·
1661 3310 1723 3357 Τ.
1750 3309 1892 3362 vul.

60 3402 97 3450 P
155 3390 251 3538 (2)4
274 3392 412 3516 1)dem
430 3503 446 3529 ,
477 3468 548 3520 ib.
575 3489 628 3542 p.
653 3491 756 3543 seq.

1299 3582 1371 3626 12
