2444 4062
1011 182 1098 250 79

280 286 590 335 srmone
623 273 698 330 Ab
713 286 1045 329 HISTORIAM
1067 277 1414 330 vnnsmuum
1436 281 1828 336 strumosum

297 437 300 440 Α
355 392 618 436 venans
660 393 967 446 romanus,
1022 391 1404 436 Pnuxstnrm
1441 389 1756 433 ascum-0.

973 586 1024 656 §-
1084 582 1137 641 1.

226 783 470 868 Scopas
525 781 742 845 harum
797 781 1284 866 Symbolarztm.
1335 783 1510 867 Quot
1541 783 1884 870 Ver-sione&

325 887 628 967 Syriacae
661 885 916 950 Veteres
959 885 1338 946 Testamenti
1363 904 1402 944 a
1434 885 1512 949 V
1503 885 1588 953 V
1619 882 1776 1011 ΟΒ.

687 991 924 1069 passim
965 998 1414 1048 numerentur.

239 1112 432 1284 Qui
452 1185 820 1271 Disciplinas
849 1186 1060 1248 Sacras
1086 1185 1300 1248 colunt
1324 1232 1341 1262 ‚
1366 1186 1690 1250 utilitatem
1712 1182 1971 1251 Versic-

150 1313 292 1351 num
325 1292 456 1352 sive
488 1290 563 1351 ad
595 1291 791 1351 Crisin
826 1289 950 1351 sive
981 1288 1057 1350 ad
1093 1290 1397 1373 Exegesin
1424 1284 1709 1375 'inspirati
1741 1276 1975 1373 Textus

151 1397 293 1454 satis
354 1406 738 1479 perspectam
773 1393 997 1456 habent
1029 1437 1045 1455 .
1073 1395 1235 1456 Inter
1272 1395 1386 1456 has
1445 1416 1595 1457 vero
1647 1386 1786 1470 illae
1841 1418 1975 1456 ma-

144 1518 323 1578 gnam
371 1497 485 1558 sibi
532 1498 1025 1559 aestimationem
1089 1497 1464 1574 vindicant,
1510 1497 1565 1558 si
1615 1495 1978 1580 Antiquita-

149 1613 274 1661 tem
342 1599 698 1684 praesertim
749 1620 999 1683 vquaer-ns
1023 1644 1040 1675 ‚
1110 1620 1259 1683 quae
1312 1598 1389 1661 ab
1438 1596 1734 1660 Ecclesiis
1769 1598 1974 1682 Syria-

146 1702 234 1762 cis
283 1700 460 1761 nobis
503 1710 642 1760 sunt
679 1709 1069 1761 conservatae
1103 1742 1118 1760 .
1173 1699 1291 1762 Sed
1341 1710 1410 1760 ut
1448 1710 1656 1760 earum
1699 1704 1980 1760 momen-

148 1814 276 1873 tum
302 1803 359 1861 in
386 1798 838 1884 quaestionibus
863 1800 1094 1861 criticis
1112 1797 1476 1862 dirimendis
1512 1798 1794 1883 aequiore
1811 1787 1990 1858 lance

146 1903 379 1989 pensari
413 1902 613 1986 possit
636 1943 660 1977 γ,
706 1914 766 1961 et
793 1902 1129 1962 auctoritas
1159 1902 1224 1959 in
1250 1899 1641 1961 enucleandis
1664 1899 1973 1982 significa«

147 2009 410 2069 tionibus
433 2004 630 2066 dubiis
669 2050 686 2082 ,
717 2006 877 2088 justo
909 2002 1107 2064 limite
1140 2003 1682 2066 circumscribatur
1711 2048 1729 2080 ‚
1767 2011 1978 2064 nostra

146 2122 308 2172 certe
337 2107 603 2168 maxime
626 2104 904 2180 interest,
938 2105 1280 2166 Auctorum
1334 2114 1594 2164 aetatem
1633 2112 1695 2165 et
1745 2100 1985 2164 cultum

149 2230 527 2292 cognoscere,
543 2229 652 2270 nec
686 2231 804 2270 non
828 2207 1028 2271 media
1055 2222 1116 2270 et
1149 2211 1483 2272 commoda
1517 2231 1670 2294 quae
1693 2200 1771 2272 ad
1802 2226 1986 2285 suum,

146 2335 299 2398 opus
324 2309 808 2397 prosequendum
844 2322 904 2371 et
952 2310 1394 2395 perficiendum
1435 2310 1722 2374 adhibere
1753 2322 1983 2395 potue-

150 2415 274 2475 rint
303 2426 361 2473 et
384 2431 583 2473 revera
614 2409 996 2472 adhibuerint
1021 2454 1036 2472 .
1065 2413 1226 2473 Haec
1248 2411 1498 2496 quidem
1522 2411 1757 2497 duplici
1786 2413 1981 2476 modo

148 2514 461 2598 explorare
494 2513 659 2575 licet:
695 2524 986 2597 quatenus
1021 2513 1116 2575 vel
1149 2538 1225 2576 ex
1256 2515 1510 2576 internis
1542 2514 1706 2577 notis
1729 2561 1748 2594 ‚
1782 2515 1981 2585 critici

149 2617 332 2677 studii
367 2639 486 2701 ope
516 2664 534 2693 ‚
562 2614 715 2678 haec
753 2618 956 2679 omnia
990 2616 1293 2701 expiscari
1314 2641 1671 2703 quaeramus
1709 2663 1728 2694 ,
1774 2617 1871 2679 vel
1903 2639 1981 2682 ex

148 2716 513 2777 testimoniis
548 2715 808 2778 aliorum
841 2762 858 2791 ‚
904 2712 1173 2778 breviori
1203 2718 1307 2785 sed
1337 2718 1400 2778 in
1432 2716 1747 2780 nonnullis
1782 2717 1985 2779 minus

147 2829 426 2878 accurata
474 2814 772 2879 methodo
802 2860 820 2891 ‚
867 2815 1202 2905 pat-efacere
1235 2863 1251 2876 .
1297 2817 1388 2878 Ut
1439 2839 1585 2881 vero
1618 2866 1636 2896 ‚
1684 2816 1985 2904 judicium

153 2917 345 2996 magis
372 2917 687 2990 fundatum
719 2917 812 2977 his
841 2915 916 2977 de
945 2917 1120 2978 rebus
1147 2917 1439 2980 habeatur
1462 2966 1480 2997 ‚
1512 2929 1848 3004 utrumque
1879 2938 1986 2979 co·-

153 3018 434 3097 gnitionis
465 3016 702 3098 fontem
737 3021 1102 3102 conjunge're
1133 3031 1494 3101 oporteret,
1540 3021 1627 3082 ita
1656 3024 1758 3097 ut,
1791 3009 1983 3081 colla-

155 3120 230 3180 tis
265 3120 423 3180 curis
443 3119 820 3203 studiisque,
864 3121 1244 3206 Philologus
1291 3134 1351 3184 et
1387 3124 1673 3188 Criticus
1697 3141 1990 3184 commu-

151 3239 291 3281 nem
325 3221 683 3281 sententiam
712 3221 774 3279 in
811 3240 986 3279 causa
1023 3233 1146 3281 tam
1183 3222 1354 3301 gravi
1389 3222 1757 3307 proferant.

240 3323 305 3382 Si
336 3321 412 3381 de
441 3321 842 3383 versionibus
869 3323 1133 3404 Syriacis
1159 3321 1328 3385 Novi
1352 3323 1640 3387 Foederis
1668 3332 1871 3398 sermo
1896 3319 1990 3381 ina

152 3422 460 3504 stituatur,
479 3421 628 3486 nihil
649 3444 804 3509 pene
845 3423 1297 3509 inexploratum
1322 3423 1696 3509 reliquerunt
1718 3413 1853 3482 Viri
1870 3404 1998 3481 Do-
