2444 4062
1375 265 1495 310 ιω

500 351 794 418 habuisse·
813 364 1089 417 narratur
1108 399 1129 417 .
1172 364 1220 399 2¹
1252 356 1453 420 Porro
1490 358 1538 420 si
1570 371 1806 434 certum
1834 374 1992 427 esset
2013 410 2036 442 ,
2065 366 2222 428 inter
2244 365 2363 428 E«-

499 457 784 521 dessenos
809 505 828 537 ,
873 458 1109 523 aliosve
1137 462 1344 544 Syriae
1371 463 1644 548 populos
1682 481 2090 555 propagatum
2123 471 2342 548 fuisse,

495 573 634 625 ante
661 562 934 626 Cristum
967 585 1234 648 passum,
1259 563 1495 626 cultum
1525 566 1998 655 religionemque
2027 569 2343 636 Hebraeo-

492 685 631 727 rum
656 711 675 743 ‚
710 664 873 728 nulla
902 688 1153 749 prorsus
1173 665 1408 728 ratione
1426 686 1780 752 repugnaret
1807 671 1979 757 ipsos
2003 673 2342 736 versionem

492 768 662 830 Sacri
709 767 959 830 Codicis
1010 766 1292 828 habuisse
1320 814 1340 844 ‚
1386 779 1454 828 ut
1499 769 1841 833 habuerunt
1886 769 2340 852 Alexandrini3

492 865 603 928 sed
639 877 838 930 tamen
880 867 1084 928 forsan
1140 867 1371 928 criticis
1403 869 1779 951 argumentis
1834 881 2106 947 constat,
2154 871 2347 934 Chri·-

492 971 762 1030 stianam
808 968 1104 1051 originem
1173 965 1478 1031 Pesclzito
1555 981 1829 1033 nostram
1900 967 2022 1031 sibi
2046 1002 2051 1006 ·
2073 967 2346 1033 vindic·-

492 1072 674 1126 re0²2

583 1164 647 1224 Si
679 1163 755 1227 de
785 1162 1095 1246 Religione
1125 1163 1412 1227 Auctoris
1442 1163 1618 1250 hujus
1650 1167 1951 1229 versionis
1996 1165 2149 1228 nihii
2183 1165 2336 1229 certi

490 1266 785 1330 habeatur
810 1291 886 1331 ex
911 1267 1164 1330 historia
1190 1314 1209 1347 ‚
1248 1290 1445 1354 neque
1493 1269 1686 1350 magis
1720 1291 1926 1331 secure
1969 1267 2044 1330 de
2075 1272 2202 1355 ejus
2231 1291 2349 1353 pa-

492 1372 607 1434 tria
635 1371 900 1456 judicare
931 1393 1256 1456 possumus
1280 1415 1296 1432 .
1327 1371 1544 1432 Primo
1572 1372 1824 1456 quidem
1854 1383 2106 1456 aspectu
2134 1418 2155 1448 ‚
2195 1394 2347 1435 vero

490 1470 692 1532 simile
719 1485 974 1557 apparet
1017 1473 1316 1535 Edessam
1347 1472 1636 1535 Peschito
1687 1484 1934 1535 nostrae
1983 1472 2206 1534 natalia
2238 1473 2348 1536 de-

489 1571 691 1652 disse3
740 1596 775 1634 e
811 1585 1027 1637 contra
1065 1597 1215 1637 vero
1241 1620 1261 1653 ‚
1305 1568 1600 1658 quantum
1626 1598 1699 1637 ex
1748 1573 2123 1637 Auctoribus
2173 1576 2347 1661 Syris

487 1674 788 1760 conjicere
818 1673 965 1736 licet
994 1721 1015 1752 ‚
1061 1675 1260 1758 patria
1288 1674 1406 1759 ipsi
1463 1672 1661 1735 danda
1707 1673 1880 1759 Syria
1926 1674 2342 1739 Occidentalis

487 1800 592 1840 seu
622 1776 957 1839 Palaestina
985 1822 1003 1840 .
1047 1778 1197 1839 Tres
1235 1777 1399 1840 enim
1444 1775 1585 1837 illae
1616 1776 1907 1860 Syrorum
1961 1775 2354 1861 hypotheses

486 1895 632 1960 quas
663 1876 955 1951 recensui,
979 1877 1297 1938 continent
1328 1874 1775 1962 subobscurum
1819 1873 2130 1960 quoddam
2162 1877 2348 1939 vesti-

442 2019 447 2025 ·
482 1977 651 2058 gium
675 1975 852 2062 hujus
880 1978 1207 2040 sententiae
1226 2021 1246 2038 .
1273 1965 1455 2070 (ζροά
1486 2024 1508 2057 ‚
1532 1998 1723 2060 quum
1757 1973 1837 2038 de
1865 1974 2100 2037 duabus
2127 1976 2343 2061 primis

483 2074 629 2136 satis
649 2086 888 2137 constat
907 2122 928 2155 ‚
954 2075 1031 2137 de
1059 2077 1232 2138 tertia
1260 2074 1363 2137 illa
1392 2097 1514 2137 non
1543 2087 1635 2138 est
1662 2074 1864 2137 minus
1891 2085 2126 2147 certum
2147 2119 2167 2138 .
2186 2076 2342 2137 Esto

484 2174 651 2237 enim
712 2173 902 2258 Syros
928 2173 1141 2236 Adaei
1184 2182 1245 2233 et
1274 2172 1514 2257 Abgari
1563 2192 1639 2234 cu
1652 2171 1732 2234 ris
1766 2172 2107 2234 versionem
2159 2171 2344 2235 istam

484 2274 791 2351 tribuere,
837 2285 1055 2360 putant
1100 2285 1306 2335 tamen
1335 2273 1493 2333 istos
1549 2271 1784 2354 legatos
1837 2272 2077 2334 misisse
2114 2273 2175 2333 in
2218 2271 2346 2335 Pa-

478 2373 801 2437 laestinam
831 2374 934 2459 qui
959 2372 1130 2434 illam
1158 2370 1247 2432 ibi
1281 2372 1689 2434 conficerent.
1739 2371 1877 2433 Hoc
1905 2383 2113 2434 narrat
2143 2372 2341 2434 Jaco-

482 2480 603 2542 bus
635 2478 997 2541 Edessena-s·
1018 2522 1037 2556 ‚
1059 2479 1231 2562 cujus
1272 2472 1482 2536 locum
1513 2472 1697 2535 nobis
1730 2473 2042 2551 servavit,
2069 2493 2181 2535 suo
2206 2460 2342 2535 052-ss

483 2575 626 2639 culo
657 2576 1035 2638 confirmans
1093 2576 1434 2659 Gregorius
1461 2572 1902 2635 Bar-hebraeus
1921 2616 1939 2633 .
1970 2572 2164 2657 Hujus
2208 2591 2343 2633 ver·

482 2677 564 2738 ba
611 2698 682 2738 ex
734 2674 952 2738 codice
999 2677 1303 2737 Vaticano
1353 2675 1855 2759 transcripseram
1880 2719 1899 2749 ,
1950 2694 2072 2735 non
2117 2671 2338 2735 adver-

481 2793 611 2844 tens
642 2780 779 2866 ipsa
817 2784 943 2865 jam
973 2779 1157 2841 fuisse
1185 2803 1219 2842 a
1255 2780 1561 2845 Waleono
1593 2772 2038 2865 praeoccupata
2065 2803 2083 2837 ε
2131 2768 2193 2819 23
2220 2791 2334 2861 pn·

691 2913 2124 2937 mmmmm

502 3030 506 3034 ⁴
566 3011 681 3071 (αι)
713 3005 812 3056 Ubi
857 3022 963 3070 sup.
999 3022 1055 3072 p.
1091 3008 1175 3074 37.

561 3085 685 3162 (υ),
712 3087 1007 3146 melchom,
1043 3090 1254 3138 Einleie.
1293 3098 1392 3139 ete·
1426 3103 1478 3153 p.
1535 3082 1648 3144 445.
1695 3084 1850 3142 Eam,
1885 3081 2119 3147 quidem,
2164 3082 2337 3134 ludaei

473 3166 766 3239 omnuim
785 3177 932 3235 putat
960 3172 1169 3220 Ricard-
1192 3176 1368 3222 Simon
1384 3208 1401 3231 ‚
1439 3181 1461 3230 (
1484 3172 1705 3220 Histoire
1741 3171 1872 3217 Crit-
1898 3165 1969 3214 du
2002 3169 2168 3217 Vicus
2198 3169 2340 3217 Tut-

477 3255 625 3307 ιῦθδ.
651 3261 708 3320 μ’
744 3249 897 3316 305.)
923 3251 1195 3318 titulosque
1240 3253 1551 3304 Psalmorum
1589 3249 1671 3318 qui
1706 3249 1856 3317 plane
1888 3246 2156 3298 Christiani
2191 3257 2339 3312 sunt,

473 3335 719 3389 secundae
743 3352 933 3388 nunus
966 3352 1090 3405 opus
1113 3337 1307 3404 judie-t
1332 3369 1350 3390 .
1386 3337 1507 3403 (lh.
1532 3354 1590 3408 1³·
1618 3340 1779 3406 309.)
1808 3332 1890 3387 cf.
1917 3342 2087 3384 ‘tamen
2113 3333 2191 3385 Pu.
2221 3332 2336 3398 LV,

474 3419 567 3479 15,
599 3431 650 3469 et
684 3418 792 3479 CX,
826 3421 881 3472 3.

561 3503 678 3567 (23)
711 3499 956 3580 w'fluro-
971 3515 1027 3571 p·
1047 3514 1146 3568 Δ916
