2444 4062
1387 189 1514 269 240

530 309 742 361 monet
760 342 779 359 .
802 298 1163 385 thnidem
1194 297 1257 383 in
1292 301 1559 365 secundo
1590 303 1706 366 isto
1733 302 1876 369 loco
1900 351 1918 387 ‚
1945 305 2292 393 adjungitur
2311 304 2381 382 in¹

525 511 795 592 margine
838 512 1038 595 prima
1073 532 1256 574 manu
1286 555 1306 587 ‚
1346 479 1495 585 βο]
1527 489 1813 607 nosses?
1845 513 2377 588 &amhn-320

636 663 666 698 u
717 666 747 698 n
1260 673 1263 678 ·

523 704 841 785 &4032
887 722 930 751 ‘⁸
962 719 1022 779 S.
1053 720 1332 782 Jacobus
1365 718 1704 785 Edessenus
1737 715 1893 777 dicit
1925 716 2286 783 brisohitla·.
2334 711 2375 796 ‚',

525 819 624 878 Ex
655 816 745 878 his
795 841 938 901 ergo
987 823 1320 885 momentis
1351 843 1551 882 nonne
1576 817 1942 880 concludere
1971 818 2182 880 licebit
2206 822 2377 896 ‚non

521 922 764 998 Jacobo
798 921 1102 985 Edesseno
1132 923 1340 985 deberi
1385 924 1794 985 recensionem
1822 934 1883 987 et
1911 911 2375 1005 punctationem

522 1020 699 1106 hujus
730 1021 869 1082 libri
895 1069 913 1097 ‚
950 1023 1054 1084 sed
1085 1023 1186 1084 alii
1223 1025 1468 1086 cuidam
1495 1070 1516 1102 ‚
1542 1023 1843 1107 quiscur-as
1865 1067 1882 1095 ,
1916 1021 2193 1083 homiliis
2222 1042 2374 1106 quae

522 1133 783 1182 verterat
816 1145 847 1182 a
872 1124 1111 1186 Jacobo
1174 1125 1485 1208 impensas
1511 1169 1530 1199 ‚
1575 1123 1762 1183 etiam
1797 1121 1876 1182 ad
1927 1123 2240 1183 versiones
2273 1122 2375 1182 bin>

519 1221 716 1283 blicas
750 1224 1007 1285 voluerit
1034 1226 1357 1288 extendere
1388 1271 1403 1287 .
1427 1227 1646 1286 Fateor
1673 1223 1919 1309 quidem
1963 1218 2023 1283 in
2070 1222 2374 1284 nonnullis

524 1327 876 1388 consentire
925 1327 1430 1411 orthographiam
1466 1328 1720 1388 Codicis
1757 1346 1902 1387 cum
1934 1323 2036 1384 ina
2068 1347 2098 1385 a
2132 1325 2372 1387 ,Iacobo

526 1431 900 1512 praescripta
932 1476 949 1504 ‚
998 1431 1102 1490 sed
1150 1454 1497 1494 consensus
1550 1432 1706 1491 inter
1750 1434 1911 1492 duos
1949 1430 2278 1519 scriptores
2307 1432 2372 1491 in

524 1529 959 1612 orthographia
993 1529 1186 1591 facilis
1223 1538 1634 1616 ‚pugnantia
1670 1553 1816 1592 vero
1860 1532 1924 1591 in
1948 1553 2074 1592 uno
2114 1533 2370 1594 eodem-

518 1656 641 1717 que
689 1653 810 1692 non
849 1632 1000 1694 adeo
1048 1633 1265 1695 leviter
1314 1634 1743 1712 admittenda.

605 1737 892 1795 Attamen
925 1734 975 1794 si
998 1733 1072 1794 de
1105 1748 1355 1796 auctore
1383 1737 1502 1797 isto
1531 1724 1764 1820 aliquid
1798 1735 2093 1798 hariolari
2127 1757 2228 1796 me
2247 1733 2372 1796 de·

521 1847 653 1898 ceat
706 1881 725 1910 ,
782 1834 986 1896 dicam
1031 1835 1313 1923 equidem
1369 1859 1487 1898 non
1542 1836 2041 1922 improbabiliter
2096 1836 2370 1920 primum

517 1935 620 2019 qni
668 1946 950 2017 excerpta
1005 1933 1154 2017 haec
1202 1937 1642 2020 exscripserit,
1693 1950 1876 2021 prout
1922 1937 1983 1996 in
2036 1930 2367 1998 Codicibus

514 2035 745 2100 nostris
801 2023 1105 2113 habentur
1150 2080 1170 2111 ‚
1243 2036 1422 2098 fnisse
1490 2038 1698 2121 ipsum
1756 2038 2042 2098 Vaticani
2117 2035 2369 2101 Codicis

517 2157 943 2200 amanuensem
978 2139 1288 2199 Davidem
1315 2139 1684 2201 Monachum
1709 2183 1724 2199 .
1761 2139 2041 2223 Namque
2069 2139 2136 2200 in
2167 2139 2375 2224 prima
2429 2151 2444 2203 ἶ

517 2241 867 2326 Epigrapha
909 2262 1092 2323 supra
1134 2241 1319 2303 relata
1355 2243 1552 2305 verbis
1579 2244 1653 2303 iis
1682 2244 1870 2304 utitur
1898 2264 2049 2327 quae
2087 2244 2197 2306 vix
2229 2264 2365 2304 me·
2438 2288 2444 2298 .

514 2366 585 2406 ro
643 2341 875 2404 scribae
926 2345 1289 2406 conveniant
1321 2390 1335 2406 .
1382 2355 1429 2387 ¹2
1494 2346 1660 2409 Dicit
1714 2347 1878 2408 enim
1923 2368 1984 2406 se
2031 2348 2362 2432 collegisse
2441 2363 2444 2365 ’

1524 2493 1556 2527 Ι

514 2553 575 2602 et
607 2544 1027 2624 composuisse
1053 2586 1070 2614 ,
1104 2538 1128 2620 (
1159 2539 1348 2602 verbo
1372 2555 1668 2655 f--m
1715 2552 1924 2616 utens»,
1975 2539 1998 2619 )
2034 2550 2373 2623 utrumque

512 2648 1021 2745 Testamentum,
1069 2677 1128 2725 et
1177 2686 1327 2748 opus
1377 2664 1497 2725 hoc
1548 2683 1670 2725 non
1721 2664 1848 2725 sine
1907 2682 2125 2744 magno
2164 2667 2359 2759 sudo·
2436 2663 2439 2673 ⁵

509 2790 577 2828 re
647 2779 709 2827 et
750 2767 965 2828 labore
1024 2766 1385 2848 perfecisse.
1436 2759 1481 2807 ¹3
1531 2766 1694 2826 Haec
1744 2783 1883 2824 vero
1938 2764 2144 2825 omnia
2193 2786 2351 2828 cou-
2434 2844 2444 2854 ψ

576 3165 707 3252 ν(13)
744 3191 962 3243 Verbum
987 3205 1102 3256 >aa
1124 3192 1186 3270 de
1214 3192 1459 3243 librorum
1488 3195 1774 3244 auctor-ibus
1809 3194 1929 3261 poni
1955 3230 1971 3255 ,
2007 3211 2106 3245 non
2139 3212 2256 3248 vero
2292 3195 2356 3249 de

508 3292 892 3340 amanuensibus
919 3325 935 3350 ,
971 3292 1070 3353 jam
1091 3291 1305 3338 ostendit
1331 3295 1380 3340 J.
1414 3297 1482 3340 D.
1510 3295 1801 3352 Michaelis,
1839 3295 1944 3355 (ad
1962 3299 2100 3344 Cast.
2124 3312 2181 3359 p·
2197 3293 2357 3358 58⁴.)
2430 3285 2444 3351 ἶ

509 3375 648 3436 cujus
676 3373 910 3438 exemplis
928 3372 1022 3421 alia
1043 3373 1312 3439 adjungere
1348 3392 1536 3441 possem
1567 3409 1584 3425 .
1619 3377 1840 3427 Suboriri
1870 3377 2054 3443 poterit
2073 3376 2352 3438 dubitatio,

505 3469 566 3500 nn
584 3453 664 3518 qui
684 3462 918 3521 excerpta
929 3457 1056 3505 talia
1068 3455 1319 3522 disposuit
1333 3492 1350 3517 ‚
1386 3455 1635 3523 negotium
1664 3458 1847 3510 sudore
1875 3467 1928 3508 ct
1955 3459 2126 3509 labore
2150 3458 2351 3527 plemu-

2430 3372 2444 3435 ³]
