2444 4062
983 211 1022 276 ὅ

91 332 190 393 ἱῑα
212 329 467 393 vocibus
497 329 779 390 omnibus
813 327 1052 390 destitui
1094 322 1309 412 quibus
1336 325 1590 408 figurae
1618 325 1719 386 v‘el
1757 324 1922 412 signi

88 433 222 495 idea
268 433 648 515 exprimatur
680 475 698 503 .‚
741 442 808 488 ut
853 430 981 511 ipse
1039 427 1232 488 solam
1281 424 1452 486 illam
1487 425 1776 486 voculam
1824 437 1924 487 est

99 534 382 599 adhibere
412 532 755 615 potuisset,
803 532 850 590 si
897 530 1189 589 voluisset
1236 526 1601 609 Symbolum
1633 526 1726 586 sui
1763 526 1924 586 Cor-

89 640 256 724 poris
303 636 668 696 constituere
701 678 716 694 .
753 635 908 695 Hinc
931 679 950 710 ‚
980 636 1044 694 in
1076 652 1227 694 voce
1258 630 1364 691 illa
1395 629 1628 691 nullam
1671 631 1928 714 empha-

87 744 186 803 sin
217 734 564 822 ponendam
595 779 613 810 ‚
678 745 1049 794 asseruerunt
1078 759 1097 811 .·,
1155 730 1261 791 sed
1292 736 1421 816 ejus
1476 733 1602 793 vim
1638 746 1926 819 tanquam

89 843 222 904 soni
273 839 442 900 dubii
501 884 518 913 ‚
570 860 753 920 aeque
796 842 1053 920 figurae
1091 882 1108 911 ,
1151 858 1227 898 ao
1279 840 1663 921 existentiae
1709 881 1730 914 ,
1790 837 1929 902 sen·

93 958 227 1006 sum
272 942 500 1025 passuri
541 987 558 1016 ‚
616 939 859 1000 aliunde
904 961 1031 1000 esse
1072 938 1488 999 extricandam
1513 983 1529 1000 .

178 1047 359 1109 Nova
406 1044 638 1103 ratione
678 1088 696 1118 ‚
748 1042 970 1105 horum
1024 1053 1368 1122 argumenta
1431 1041 1758 1105 instaurare
1809 1064 1929 1104 nu-

92 1143 358 1228 perrime
413 1153 667 1201 conatus
721 1151 846 1212 est,
900 1141 962 1199 in
1003 1140 1260 1220 Anglia‚
1303 1139 1575 1203 Thomas
1607 1143 1931 1210 HartWell

90 1247 306 1308 Home
355 1243 415 1303 in
444 1241 603 1302 libro
650 1235 682 1284 5
726 1242 950 1322 ingenti
980 1262 1227 1300 suorum
1275 1241 1489 1324 plausu
1524 1257 1785 1328 excepto
1830 1291 1849 1321 ‚
1896 1237 1931 1284 ⁶

90 1355 151 1403 et
183 1342 416 1424 saepius
448 1387 465 1415 ,
489 1339 670 1400 brevi
708 1341 1001 1422 temporis
1034 1339 1271 1422 spatio,
1307 1340 1469 1423 typis
1509 1360 1724 1405 recuso
1753 1369 1772 1423 ς
1817 1364 1933 1405 nec

86 1445 460 1533 immerito„
495 1442 542 1501 si
593 1441 898 1522 ingentem
949 1441 1065 1499 viri
1091 1441 1493 1502 eruditionem
1521 1488 1540 1519 .,
1591 1454 1652 1504 et
1683 1443 1932 1528 impro-n.

87 1543 239 1626 lpum
276 1543 489 1623 viginti
523 1561 822 1601 annorum
867 1540 1135 1600 studium
1178 1541 1238 1600 in
1272 1563 1343 1602 eo
1381 1541 1776 1624 compilando
1807 1543 1936 1603 im·-

91 1667 352 1731 pensum
389 1656 666 1726 spectes3
698 1642 877 1703 habet
912 1653 1109 1705 tamen
1146 1641 1220 1704 de
1243 1642 1577 1703 Catholicis
1607 1641 1750 1703 falsa
1773 1644 1936 1710 mule

91 1756 155 1805 ta
185 1743 463 1806 et‘docto
500 1742 742 1823 penitus
775 1739 1018 1821 indigna
1055 1785 1069 1799 .
1122 1741 1221 1802 Sfc
1252 1740 1430 1819 igitur
1458 1743 1572 1801 iste
1606 1740 1679 1802 de
1726 1741 1934 1804 verbis

94 1845 199 1906 SS.
253 1842 698 1904 Eucharistiam
744 1839 1233 1900 instituentibus,

183 1944 230 1977 ‘¹’
277 1943 340 2002 Si
390 1941 568 2003 verba
619 1940 1028 2000 Institutionis
1086 1941 1358 2019 Anglice
1393 1960 1494 2001 seu
1530 1942 1758 2009 Latine
1808 1942 1935 2026 pri-

93 2066 266 2104 mum
307 2043 541 2125 prolata
585 2043 875 2115 fuissent,
912 2041 1112 2123 aliqua
1141 2041 1295 2100 ratio
1332 2040 1542 2102 fuisset
1573 2065 1751 2125 quare
1780 2067 1938 2129 sup-⁴

94 2165 457 2228 poneremus
509 2142 880 2203 Salvatorem
935 2153 1218 2201 nostrum
1264 2153 1328 2202 ut
1387 2140 1466 2201 ad
1505 2140 1773 2206 litteram
1828 2167 1937 2206 su-

96 2254 401 2304 merentur
471 2241 732 2304 voluiss'e
775 2286 791 2303 .
852 2240 968 2301 Sed
1031 2239 1273 2325 prolata
1352 2240 1589 2302 fuerunt
1654 2243 1926 2328 Syriaco

96 2365 417 2423 sermone3
462 2345 521 2404 in
557 2366 679 2426 quo
724 2341 971 2430 quitssem
1020 2345 1042 2419 (
1073 2343 1242 2425 quod
1280 2354 1338 2402 et
1371 2343 1432 2402 in
1467 2343 1715 2423 Linguis
1755 2346 1938 2408 Hae-

98 2449 325 2510 braicct
367 2460 427 2509 et
485 2448 838 2510 Chaldaica
908 2445 1117 2505 locum
1169 2445 1393 2529 habe-t)
1431 2448 1674 2507 nullum
1736 2460 1941 2510 voca-'

95 2547 310 2608 bulum
347 2547 615 2609 habetur·
655 2591 674 2620 ‚
721 2567 844 2628 quo
890 2543 1271 2625 significandi
1319 2590 1340 2624 ‚
1386 2543 1875 2628 repraesentandi
1910 2534 1942 2626 ‚⁵

300 2695 1733 2733 mmmmmwmmmm

184 2814 262 2879 (5)
299 2818 382 2865 An
415 2815 764 2867 Introduction
799 2827 849 2863 to
882 2818 965 2865 the
1005 2819 1217 2864 critical
1247 2819 1414 2881 Study
1450 2818 1551 2865 and
1570 2821 1864 2883 Knowledge
1889 2817 1953 2884 of

91 2904 171 2951 the
197 2903 387 2951 Sacred
414 2905 701 2964 Scriptures
729 2938 742 2949 .
781 2905 916 2965 Fgftlz
949 2903 1156 2950 Editc'on
1175 2937 1189 2958 ,
1232 2906 1500 2952 Com-ected
1521 2933 1534 2947 ·
1571 2905 1676 2952 Hoc
1696 2915 1766 2952 est
1794 2926 1809 2962 ;
1850 2908 1949 2953 In·-

92 2983 340 3032 troductio
375 2982 445 3028 ad
474 2982 713 3030 Studium
758 2986 996 3031 Critictcm
1032 2992 1076 3028 et
1121 2987 1461 3044 Cognitionem
1499 2989 1770 3032 Sacrarum
1807 2990 1955 3034 Scri-

93 3075 354 3129 pturartem
384 3094 400 3111 0
443 3069 634 3126 Quinta
668 3066 842 3113 Editio
868 3066 885 3122 ‚⁴
921 3068 1178 3113 emendata
1206 3100 1218 3111 .
1259 3066 1472 3113 Londini
1518 3065 1706 3126 182503
1745 3078 1952 3132 quatuor

99 3146 265 3195 Tomis
293 3147 344 3194 in
373 3159 535 3198 octono
574 3149 704 3213 typis
741 3147 936 3195 minutis
966 3147 1152 3196 editum
1170 3184 1185 3206 ,
1229 3159 1278 3195 et
1310 3149 1476 3196 multis
1491 3149 1729 3198 Codicum
1753 3161 1800 3196 et
1828 3146 1945 3195 Edi-

95 3225 284 3274 tionum
310 3229 546 3278 rariorum
573 3228 922 3293 speciminibus
952 3239 1175 3276 ornatum
1208 3246 1329 3292 opus
1355 3266 1372 3288 ,
1412 3241 1566 3279 totam
1608 3227 1948 3278 Introductio-

105 3319 216 3354 nem
271 3303 502 3353 Criticam
557 3316 606 3354 et
655 3307 1137 3371 Hei-meneuticamn,
1175 3309 1456 3371 generalem
1502 3319 1553 3358 et
1589 3307 1846 3374 specialem
1897 3303 1952 3352 in

103 3401 362 3451 utrumque
397 3387 762 3436 Testamentum
799 3387 1017 3450 continet
1058 3418 1073 3434 .

187 3470 267 3535 (6)
310 3471 372 3520 V.
416 3470 558 3518 orme
581 3499 600 3527 ,
633 3468 946 3520 Bibliotheca
990 3470 1186 3532 Bdaelica
1212 3500 1230 3526 ,
1267 3468 1542 3534 Edinburg.
1581 3468 1813 3529 xssakwp.
1839 3465 1954 3530 247.
