2444 4062
988 92 1071 159 97

83 183 171 249 'ut
213 185 392 247 etiam
440 181 633 246 libros
679 182 992 246 Salomoni
1038 185 1405 269 posteriores
1434 231 1454 262 ‚
1501 186 1692 268 ipsius
1730 195 1939 247 aetate

97 310 175 350 ex
236 285 542 347 Hebraico
606 287 932 349 translatos
987 289 1352 363 crederent,
1414 286 1940 370 quemadmodum

97 387 265 470 ipsos
313 385 746 448 Eichlzornius
801 388 1158 449 criminatur
1193 415 1210 446 ε
1253 379 1282 428 3
1328 407 1523 470 neque
1576 385 1847 468 primum
1903 410 1939 448 a

108 491 402 552 Gabriele
449 489 699 552 Sionita
731 537 751 567 .,
799 491 906 551 sed
955 491 1131 571 longe
1168 504 1303 552 ante
1345 514 1377 552 a
1413 487 1707 552 Soadedo
1741 487 1941 551 Hade·

97 586 292 649 thensi
323 588 646 672 Episcopo
683 602 895 652 contra
928 590 1284 675 hujusmodi
1324 587 1653 650 absurdum
1691 595 1942 646 cautum

96 691 245 751 suit.
279 687 309 740 4
336 692 616 766 Quanam
662 714 811 758 vero
862 695 1195 775 argumenti
1245 693 1520 755 historici
1565 689 1769 775 specie
1819 686 1941 748 du-

97 793 227 866 cti,
275 790 458 852 talem
498 793 921 876 antiquitatem
968 795 1245 864 tribuunt
1277 795 1382 856 isti
1417 786 1739 855 versioni?
1783 789 1946 874 Opi-

94 891 199 956 nio
242 894 659 977 antiquissima
706 897 863 959 inter
914 898 1101 982 Syros
1157 897 1408 958 videtur·
1455 896 1756 979 vig-uisse,
1804 903 1947 953 ma-

93 994 264 1054 xime
318 993 637 1056 dilatatam
686 996 870 1057 fuisse
916 998 1260 1059 Salomonis
1290 996 1696 1080 temporibus,
1729 992 1951 1055 Judai-

95 1115 233 1155 cam
287 1095 643 1176 religionem
689 1096 1044 1181 cultumque
1098 1118 1341 1160 sacrum
1370 1123 1390 1176 τ,
1415 1138 1424 1147 ›
1451 1096 1537 1156 ita
1568 1107 1634 1155 ut
1662 1094 1950 1178 quicum-

94 1218 211 1281 que
257 1197 398 1258 huic
433 1198 577 1280 Regi
632 1200 819 1259 amici
870 1200 1139 1282 legantur
1171 1203 1234 1262 in
1294 1222 1467 1262 sacro
1519 1198 1796 1272 Codice,
1842 1192 1950 1255 isti

93 1320 306 1360 omnes
358 1298 434 1359 ad
477 1299 868 1363 Judaismum
916 1302 1221 1364 transiisse
1268 1301 1511 1363 dicendi
1570 1293 1735 1362 sint.
1791 1298 1951 1359 Hine

90 1396 382 1480 Reginam
423 1400 626 1473 Sabae
673 1402 1015 1489 Jerusalem
1059 1404 1464 1479 invisantem‚
1525 1426 1558 1463 a
1615 1399 1951 1461 Salomone

91 1498 171 1559 ad
204 1501 327 1561 veri
370 1500 486 1563 Dei
539 1502 770 1564 cultum
803 1503 1166 1587 perductam
1202 1516 1550 1566 constanter
1609 1499 1945 1586 affirmant.

89 1601 137 1632 ‘⁶
184 1598 559 1662 Nonsolum
586 1603 928 1666 Salomonis
965 1606 1124 1666 fama
1156 1605 1356 1689 ipsam
1404 1602 1687 1664 invitavit
1732 1599 1840 1661 sed
1887 1608 1951 1658 et

90 1695 346 1759 Domini
378 1720 601 1762 nomen
622 1746 640 1778 ,
675 1703 908 1787 quippe
931 1726 1083 1788 quae
1115 1706 1313 1766 Deum
1345 1701 1691 1763 Salomonis
1725 1718 1956 1781 cogno-

93 1802 263 1858 scere
313 1812 597 1882 cuperet.
645 1846 690 1878 „
722 1797 751 1844 5
793 1803 888 1868 Ita
936 1804 1005 1866 S.
1055 1804 1490 1889 Ephraemus',
1528 1801 1632 1884 qui
1665 1797 1818 1861 infra
1844 1798 1947 1861 in*-

93 1965 448 2050 dubitanter
487 1970 732 2051 asserit3
788 1936 1021 2045 [5250
1067 1927 1385 2060 &dm-Sa-
1434 1927 1608 2061 ς-αἷ
1640 1926 1961 2034 ohgr-X

93 2100 215 2201 m
252 2096 820 2232 ,Qssgffefe
849 2097 1199 2206 ‘'sexa-4²
1252 2138 1293 2170 “
1341 2134 1733 2196 Docuit-eam
1783 2130 1956 2194 Salo-

88 2252 239 2322 mon
274 2279 293 2311 ,
341 2234 841 2317 renunciavitque
903 2233 1286 2302 simulachris
1336 2282 1356 2312 ‚
1414 2235 1816 2318 confessaque
1864 2243 1958 2298 est

86 2333 286 2395 Deum
313 2335 522 2397 vivum
546 2383 560 2395 .
585 2383 628 2415 ‚‚
651 2330 682 2377 ⁶
715 2339 771 2399 N
777 2359 846 2401 ec
875 2338 1038 2400 aliud
1072 2339 1268 2402 innuit
1299 2338 1566 2402 Severus
1600 2335 1958 2401 Antioche·-

76 2449 209 2499 ἠας
240 2481 258 2512 ,
302 2437 412 2520 qui
443 2438 739 2521 Reginam
770 2441 958 2508 Sabae
1008 2455 1224 2527 typum
1264 2444 1555 2506 Gentium
1618 2439 1695 2501 ad
1730 2438 1956 2501 Christi

89 2538 439 2622 religionem
473 2543 913 2626 perductarum
948 2548 1144 2609 sistit.
1165 2558 1193 2607 7

185 2796 266 2854 (4)
303 2794 459 2856 Apud
499 2803 745 2857 Siom'tam
782 2834 800 2860 ,
835 2801 901 2850 lo.
950 2800 1030 2849 cit.
1076 2801 1278 2851 Rectius
1318 2801 1473 2867 ipsius
1525 2802 1701 2863 nomen
1736 2804 1959 2856 Iesudad

86 2912 113 2995 (
145 2883 384 2998 yzsae)
406 2921 606 2970 effertur
621 2959 637 2981 ,
665 2924 747 2988 qui
777 2924 960 2973 dicitur
988 2924 1049 2974 ab
1071 2926 1342 2990 HebedJ'esn
1383 2928 1635 2995 scripsisse
1664 2887 1803 2997 ”39:2⁷
1821 2890 1959 2987 [ξιτατ

87 3001 329 3067 (Ηεόεάί.
361 3009 478 3052 Cat·
522 3004 615 3084 Ed.
658 3004 738 3052 cit.
781 3023 835 3070 p.
880 3003 961 3070 98,
998 3017 1047 3054 et
1099 3010 1293 3058 Assem.
1343 3012 1590 3063 Biblioths
1637 3018 1727 3066 ΘΓ.
1761 3014 1822 3063 Τ.
1863 3015 1956 3066 ΠΙ.

95 3101 148 3150 p.
184 3103 277 3133 ἰιι
304 3121 318 3142 ,
362 3101 467 3149 Ρεο.
511 3098 629 3135 nota
667 3091 758 3150 4.)

188 3166 269 3239 (5)
310 3169 576 3233 Ephraemi
625 3175 751 3237 Syn·
789 3177 913 3241 Opp.
945 3172 1005 3225 Τ.
1033 3174 1075 3226 1.
1109 3189 1167 3242 p·
1210 3175 1340 3239 464,
1377 3178 1439 3226 D.

181 3245 263 3321 (6)
304 3251 379 3298 lb.
417 3269 472 3315 p·
511 3249 641 3311 465,
679 3255 736 3304 E·

175 3326 259 3418 (7)
297 3331 462 3402 1¹²·.P·
505 3332 620 3396 466.
