2444 4062
1437 195 1565 274 204

579 305 781 366 dicem
820 326 954 366 esse
982 329 1020 366 a
1054 303 1452 366 Ean-hebraeo
1493 311 1757 370 citatum
1783 352 1802 368 .
1848 309 2050 385 Quum
2074 309 2239 370 'enim
2274 324 2397 369 non

579 425 768 464 unum
799 405 918 465 -sed
964 417 1086 466 tres
1112 409 1237 491 jam
1286 405 1897 488 deprehenderimus,
1946 423 2184 471 constat
2231 412 2394 469 Bar·-

586 506 1080 571 hebraeamfnon
1123 507 1382 590 aliquem
1428 506 1748 589 specialem
1812 510 1968 572 Cod.
2015 511 2398 592 designasse·-

583 608 896 670 Praeterea
928 629 1050 668 non
1081 609 1279 668 minus
1309 609 1368 667 in
1399 609 1610 691 aprico
1637 618 1764 688 esf,
1792 612 1992 696 ipsum
2022 614 2247 673 librum
2277 632 2402 671 non

573 713 799 774 nostris
827 710 1090 771 similem
1121 709 1466 771 adhibuisse
1488 739 1505 769 ε
1538 713 1729 771 nostri
1749 715 1922 774 euim·
1942 720 2063 799 jam
2090 712 2401 795 descripti,

574 811 942 874 difficiliores
965 825 1068 873 aut
1091 812 1308 876 saltem
1350 813 1597 873 selectas
1635 815 1926 895 quasdam
1956 836 2137 876 voces
2167 826 2402 875 tautum

574 916 841 996 carptim
872 916 1128 976 sistunt=
1164 937 1355 1000 porro
1398 916 1665 997 scriptor
1710 914 1813 978 ille
1844 917 2148 978 lectiones
2188 916 2249 976 in
2290 934 2401 976 suo

562 1012 840 1077 -vhabebat
910 1036 1061 1096 quae
1107 1037 1138 1075 a
1191 1015 1418 1074 nostris
1475 1012 1675 1075 Codd.
1740 1017 2156 1076 omittuntur.
2221 1012 2405 1087 Quod

579 1115 834 1200 quidem
892 1116 1180 1198 exemplo
1231 1128 1399 1201 patet
1461 1126 1641 1200 supra
1676 1116 1860 1178 allato
1909 1162 1929 1192 ‚
1979 1139 2054 1178 ex
2083 1124 2404 1177 ,commate

577 1215 784 1298 primo
848 1214 1090 1276 Psalmi
1129 1215 1499 1291 CXXXVI,
1563 1213 1670 1276 ubi
1717 1216 1849 1299 ipse
1899 1218 2048 1278 citat
2075 1214 2402 1278 lectionem

577 1313 1088 1398 Karkapllensem*
1118 1363 1137 1390 ‚
1197 1337 1391 1398 quum
1443 1327 1646 1376 tamen
1695 1316 1759 1376 in
1799 1318 2024 1378 nostris
2076 1313 2277 1377 Codd.
2329 1333 2404 1372 ex

582 1413 705 1477 hoc
733 1428 1039 1477 commate
1082 1413 1234 1476 nihil
1273 1416 1648 1496 proferatur.
1684 1442 1687 1448 ‘

663 1517 783 1578 Sed
830 1539 1010 1600 quare
1065 1518 1498 1580 Bar-hebraeus
1533 1517 1747 1580 nullibi
1778 1519 1895 1581 nisi
1924 1519 1987 1581 in
2031 1515 2290 1580 Psalmis
2318 1513 2405 1575 ci·

579 1628 674 1679 tat·
693 1616 851 1678 hanc
881 1616 1376 1701 Karkaphensem
1414 1613 1449 1679 ?
1476 1628 1538 1661 ²⁰
1570 1620 1840 1680 Similem
1888 1618 2115 1679 nodum
2145 1619 2209 1678 in
2239 1615 2407 1700 prio-

574 1737 638 1778 re
673 1716 969 1799 particula
1015 1715 1251 1779 solvere
1309 1728 1565 1779 conatus
1616 1739 1803 1795 sumt,
1852 1718 2033 1780 fallor
2076 1711 2112 1778 ’.7
2157 1727 2261 1777 aut
2288 1737 2403 1775 -ea-

575 1815 716 1885 dem
772 1818 957 1877 etiam
1006 1817 1107 1877 hic
1171 1815 1338 1878 valet
1395 1812 1681 1879 solutio?
1723 1818 1820 1880 Ibi
1870 1819 2030 1880 enim
2079 1814 2407 1900 respondi,

575 1939 698 1978 non
744 1916 1152 2002 improbabile
1209 1919 1399 1981 videri
1431 1967 1451 1997 ‚
1497 1921 1961 1983 Barhebraeum
2019 1919 2287 2002 Coptum
2345 1929 2407 1977 et

574 2020 1007 2082 Armeniacum
1059 2032 1292 2094 textum
1339 2022 1401 2083 in
1430 2021 1705 2083 Psalmos
1736 2033 2001 2102 agentern
2025 2066 2044 2095 ‚
2077 2018 2218 2080 ideo
2244 2017 2402 2079 cita-

576 2140 641 2180 re
661 2165 680 2194 ‚
713 2119 846 2201 quia
887 2118 1187 2181 habebant
1223 2120 1357 2202 Syri
1390 2119 1572 2181 hasce
1605 2119 1755 2180 duas
1779 2121 2082 2182 versiones
2121 2138 2262 2178 cum
2288 2117 2405 2199 sy-

551 2220 735 2283 'riaca
787 2223 864 2281 ita
917 2221 978 2280 in
1029 2243 1148 2283 uno
1198 2221 1510 2283 volumine
1575 2222 1899 2307 ‹iispositas
1929 2269 1949 2298 ‚
1997 2235 2064 2282 ut.
2107 2218 2402 2283 facillima

574 2344 778 2384 earum
823 2323 1076 2385 collatio
1112 2325 1389 2387 evaderet
1425 2354 1442 2384 =
1476 2325 1660 2409 ‘quod
1702 2325 1777 2385 de
1821 2325 1957 2386 aliis
2000 2324 2177 2385 libris
2209 2344 2402 2413 aequo

575 2425 705 2505 jure
748 2444 1007 2484 asserere
1042 2446 1166 2485 non
1213 2424 1362 2486 licet
1400 2469 1416 2485 .
1466 2424 1632 2502 Quid
1670 2425 1849 2504 igitur
1901 2425 1951 2486 si
1999 2435 2198 2487 textus
2238 2421 2404 2483 illius

574 2523 856 2584 Psalterii.
903 2524 1239 2608 polyglotti
1284 2524 1782 2608 Karkaphensem
1807 2525 2167 2608 sequebatur
2193 2544 2402 2584 recen-

573 2620 855 2700 sionemt,
903 2646 1101 2686 nonne
1149 2625 1402 2708 pulchre
1451 2627 1594 2687 satis
1653 2647 1746 2686 res
1807 2637 1937 2686 tota
1987 2625 2328 2687 cohaereret
2368 2618 2405 2686 ἲ

573 2714 660 2776 At
702 2730 829 2782 tute
858 2767 878 2799 .‚
926 2723 1161 2806 inquies
1192 2771 1211 2800 ‚
1259 2726 1320 2785 in
1358 2737 1590 2786 textum
1627 2724 1788 2786 hunc
1822 2724 2188 2808 ubicumque
2218 2726 2409 2788 offen-

785 2898 1491 2923 mmmm
1671 2891 2203 2924 mmm

655 3020 763 3075 (20)
801 3016 982 3066 Saltem
1026 3037 1081 3066 ex
1115 3020 1227 3066 solis
1266 3020 1470 3069 Psalmis
1509 3021 1823 3069 desumuntur
1858 3018 2074 3085 exempla
2114 3023 2324 3070 Mallem·
2359 3028 2408 3068 et

570 3094 777 3154 Adleri,
808 3106 860 3142 ut
886 3106 934 3143 et
961 3097 1091 3144 illud
1120 3100 1250 3160 quod
1278 3101 1381 3163 ipse
1407 3101 1566 3149 inveni
1587 3135 1598 3146 .
1624 3102 1769 3148 Certe
1785 3101 1835 3147 in
1861 3101 2003 3148 libris
2027 3102 2241 3150 Psalmos
2258 3114 2410 3164 prse-

573 3178 873 3237 cedentibus,
890 3168 971 3242 qui
1002 3181 1091 3227 soli
1121 3180 1362 3228 habentur
1389 3184 1438 3229 in
1463 3185 1591 3232 Cod·
1620 3184 1733 3231 Vat.
1762 3186 2063 3233 Barhebraei
2081 3220 2095 3241 ‚
2133 3184 2310 3231 frustra
2345 3181 2414 3229 ci·

571 3262 778 3309 tationes
826 3264 1193 3327 Kerkaphenses
1243 3266 1455 3327 quaesivi
1487 3299 1501 3315 .
1546 3267 1826 3316 Harklensis
1854 3304 1870 3326 ,
1919 3285 1945 3314 e
1995 3275 2160 3316 contra
2201 3302 2217 3326 ,
2264 3279 2409 3328 quam

571 3340 907 3406 Karkaphensi
946 3343 1107 3408 jungit
1141 3348 1429 3403 Assemani,
1466 3351 1637 3406 (Bibl.
1680 3355 1765 3398 Or.
1806 3349 1863 3396 T.
1900 3351 1967 3398 11.
2009 3366 2063 3415 p·
2102 3347 2252 3410 283·)
2288 3346 2406 3395 nul‘

567 3417 658 3470 libi
696 3435 896 3487 prorsus
930 3422 984 3472 in
1024 3424 1194 3478 Veteri
1225 3427 1281 3475 T.
1320 3442 1348 3473 a
1384 3429 1692 3481 Barhebraeo
1731 3429 1936 3495 citatum,
