2444 4062
778 227 781 231 ,
940 150 1026 231 69

65 263 149 324 ris
185 259 562 323 doctioribus
597 259 874 346 relinquo
905 287 923 341 3
974 262 1097 324 hoc
1130 274 1494 340 eontentu3‚
1532 267 1584 325 si
1610 270 1933 346 'ostende-r

65 385 134 424 ro
165 410 182 438 ‚
228 375 523 447 quantum
567 366 774 445 juvare
802 365 1003 448 possit
1051 363 1389 448 linguarum
1437 376 1496 424 et
1548 360 1926 437 Litterarum*

63 463 466 524 Orientalium
496 463 820 549 disciplina
855 466 929 526 ad
966 465 1347 528 Catholicam
1386 465 1703 528 Veritatem
1739 481 1918 531 tuen·-

0 629 14 637 κ
63 568 204 628 dam
241 614 258 643 ‚
308 579 367 627 et
425 571 810 650 proterviam
876 569 1359 648 adversariorum
1429 569 1916 650 retundendam,

66 672 225 732 Nam
275 693 465 754 quum
509 673 924 735 Protestantes
986 672 1153 734 hisce
1201 671 1415 733 studiis
1469 694 1595 734 sese
1642 675 1925 758 (impense

65 771 335 841 dedant,
382 770 577 853 iisque
628 792 752 834 non
784 791 921 832 raro
960 769 1284 833 'abutentur
1318 770 1395 830 ad
1450 770 1620 831 Sacri
1668 771 1922 836 Codicis

63 873 632 955 interpretationem
670 920 689 950 ‚
725 895 990 958 quonam
1027 885 1206 957 pacto
1252 873 1472 935 melius
1512 873 1764 936 illorum
1794 923 1811 952 ‚
1859 878 1924 939 in

72 973 188 1033 hac
228 993 328 1045 re,
372 968 650 1033 licentiae
695 992 1011 1034 occurrere
1056 993 1389 1057 possumus
1421 1020 1440 1049 ‚
1489 995 1672 1058 quam
1704 975 1922 1037 eadem

75 1075 210 1158 pari
253 1071 471 1134 ardore
505 1075 928 1158 prosequendo
958 1121 976 1150 ‚
1020 1087 1092 1136 ut
1134 1098 1208 1137 ex
1255 1077 1478 1159 quibus
1509 1078 1773 1140 fontibus
1802 1079 1922 1164 ipsi

67 1197 368 1238 venenum
421 1198 497 1238 ex
544 1175 760 1236 iisdem
809 1199 923 1237 nos
970 1177 1269 1239 medelam
1323 1179 1675 1243 hauriamus
1715 1226 1731 1243 .
1802 1183 1918 1244 Est

68 1278 230 1337 enim
260 1276 544 1360 profecto
576 1322 594 1352 ‚
632 1287 721 1336 est
750 1299 816 1338 ea
852 1277 1172 1340 Catholica
1203 1280 1423 1343 veritas
1455 1328 1473 1357 ‚
1509 1305 1657 1367 quae
1689 1281 1924 1345 nullam

71 1375 599 1460 investigationem
629 1422 647 1451 ‚
677 1375 840 1437 nulla
874 1376 970 1440 vel
994 1379 1235 1460 ingenio
1264 1383 1604 1463 excogitata
1628 1429 1647 1459 ‚
1677 1382 1776 1442 vel
1799 1394 1925 1443 stu-

68 1477 176 1539 dio
220 1479 467 1539 inventa
501 1489 854 1559 argumenta
882 1523 900 1554 ‚
950 1479 1354 1561 reformidem,
1387 1503 1537 1564 quae
1573 1501 1685 1542 nec
1712 1479 1928 1542 Philo·-

74 1581 417 1664 sophorum
471 1579 849 1658 subtilitate,
899 1602 1091 1665 neque
1149 1584 1535 1663 gravioribus
1566 1582 1927 1666 Theologo-

69 1707 206 1744 rum
244 1684 777 1758 momentiS‚tanto
820 1686 1023 1745 minus
1059 1685 1309 1766 argutiis
1345 1687 1924 1757 Grammaticorum

74 1785 326 1845 concuti
361 1784 480 1844 ulla
529 1770 768 1848 ratione
796 1798 900 1846 aut
933 1785 1241 1848 debilitari
1274 1800 1451 1870 queat
1481 1833 1495 1848 .
1543 1790 1704 1851 Hinc
1735 1836 1752 1865 ,
1800 1811 1927 1859 non

69 1888 368 1950 inutiliter
405 1889 467 1950 in
496 1887 775 1950 Ecclesia
820 1889 931 1948 Dei
989 1888 1323 1949 allaborare
1364 1873 1740 1951 illidicendi
1784 1875 1931 1958 sunt

73 1986 289 2071 (quod.
335 1999 535 2048 tamen
568 2009 689 2048 non
721 1988 909 2048 semel
949 1986 1155 2047 audivi
1187 1986 1211 2068 )
1257 1989 1362 2070 qui
1408 1990 1472 2048 in
1504 1990 1749 2050 Litteris
1778 2012 1922 2074 quas

72 2090 216 2151 dico
246 2091 541 2174 proficere
575 2101 911 2172 quaerunt,
961 2111 1182 2172 easque
1225 2090 1302 2150 ad
1336 2093 1517 2152 Sacra
1556 2091 1768 2153 Studia
1808 2115 1920 2176 ap-

74 2191 308 2275 plicare
338 2239 357 2267 ‚
402 2213 473 2252 eo
508 2192 719 2252 animo
746 2237 764 2266 ‚
811 2202 880 2250 ut
913 2203 972 2251 et
1007 2191 1268 2252 aliorum
1305 2214 1536 2254 errores
1583 2195 1874 2275 castigent
1900 2241 1916 2271 ‚

0 2324 7 2336 κ
71 2304 145 2351 εἰ»
175 2289 556 2352 Catholicam
595 2290 922 2352 veritatem
956 2292 1131 2351 novis
1166 2293 1531 2372 argumentis
1557 2335 1576 2372 ‚
1624 2295 1921 2376 novisque

73 2389 582 2453 illustrationibus
617 2390 681 2450 in
706 2390 835 2450 dies
866 2401 1178 2466 tueantur,
1208 2389 1542 2476 amplient,
1574 2403 1863 2454 exornent
1894 2437 1910 2452 .

296 2591 390 2652 Dr:
439 2589 695 2651 LincuA
743 2588 1007 2652 CHRISTI
1061 2615 1141 2653 m*
1189 2592 1694 2669 Aposwotonum,

548 2796 885 2858 Exn-ursus
912 2793 1000 2855 ad
1027 2798 1075 2867 ξ.
1110 2795 1228 2856 ΙΙΙ.
1250 2819 1320 2880 ρ.
1359 2815 1384 2858 1
1408 2819 1460 2860 1.

169 2994 395 3055 Utrum
419 2992 1155 3080 Syro-Chaldaica,quam
1183 3012 1409 3062 vocant
1417 3001 1642 3083 ,lingua
1673 3024 1747 3064 an
1773 3022 1918 3064 vero

86 3097 319 3157 Graeca
367 3096 616 3156 Christo
675 3107 734 3156 et
791 3099 1113 3182 Apostolis
1168 3103 1355 3165 fuerit
1414 3105 1779 3184 vernacula,
1827 3125 1919 3166 res

82 3211 173 3258 est
226 3196 300 3258 de
340 3220 458 3280 qua
504 3194 704 3259 adhuc
755 3202 1098 3288 disputatur
1142 3254 1161 3285 ‚
1210 3231 1320 3270 nec
1368 3211 1547 3276 video
1603 3197 1926 3295 quomodo

85 3317 307 3376 causa,
344 3299 461 3358 nisi
490 3303 978 3367 reconciliatione
1003 3309 1285 3395 utrinque
1316 3310 1628 3386 adhibita,
1656 3328 1921 3392 unquam

81 3396 166 3459 sit
203 3397 542 3466 dirimenda
569 3443 585 3463 .
636 3402 725 3467 Ut
771 3405 932 3475 enim
977 3429 1150 3474 suam
1193 3412 1324 3499 vim
1373 3413 1444 3476 iis
1494 3409 1925 3477 ‘concedamus>
