<?xml version="1.0" encoding="UTF-8"?>
<!DOCTYPE html PUBLIC "-//W3C//DTD XHTML 1.0 Transitional//EN"
    "http://www.w3.org/TR/xhtml1/DTD/xhtml1-transitional.dtd">
<html xmlns="http://www.w3.org/1999/xhtml" xml:lang="en" lang="en">
 <head>
  <title>
</title>
<meta http-equiv="Content-Type" content="text/html;charset=utf-8" />
  <meta name='ocr-system' content='tesseract 3.04.00' />
  <meta name='ocr-capabilities' content='ocr_page ocr_carea ocr_par ocr_line ocrx_word'/>
</head>
<body>
  <div class='ocr_page' id='page_1' title='image "a615272500wiseuoft_0109.png"; bbox 0 0 2444 4062; ppageno 0'>
   <div class='ocr_carea' id='block_1_1' title="bbox 14 147 1939 3479">
    <p class='ocr_par' dir='ltr' id='par_1_1' title="bbox 977 147 1050 207">
     <span class='ocr_line' id='line_1_1' title="bbox 977 147 1050 207; baseline -0.014 0"><span class='ocrx_word' id='word_1_1' title='bbox 977 147 1050 207; x_wconf 81' lang='grc' dir='ltr'><strong>δι</strong></span> 
     </span>
    </p>

    <p class='ocr_par' dir='ltr' id='par_1_2' title="bbox 14 254 1937 1538">
     <span class='ocr_line' id='line_1_2' title="bbox 101 254 1925 342; baseline -0.001 -21"><span class='ocrx_word' id='word_1_2' title='bbox 101 318 104 321; x_wconf 17' lang='grc' dir='ltr'><strong>Α</strong></span> <span class='ocrx_word' id='word_1_3' title='bbox 191 261 416 342; x_wconf 74' lang='lat' dir='ltr'><strong>Lo‘nge-</strong></span> <span class='ocrx_word' id='word_1_4' title='bbox 445 278 586 322; x_wconf 83' lang='lat' dir='ltr'><strong>vero</strong></span> <span class='ocrx_word' id='word_1_5' title='bbox 638 257 815 320; x_wconf 86' lang='lat' dir='ltr'><strong>aliter</strong></span> <span class='ocrx_word' id='word_1_6' title='bbox 863 281 922 318; x_wconf 90' lang='lat' dir='ltr'><strong>se</strong></span> <span class='ocrx_word' id='word_1_7' title='bbox 969 282 1062 322; x_wconf 87' lang='lat' dir='ltr'><strong>res</strong></span> <span class='ocrx_word' id='word_1_8' title='bbox 1110 255 1382 318; x_wconf 57' lang='lat' dir='ltr'><strong>habetet</strong></span> <span class='ocrx_word' id='word_1_9' title='bbox 1413 254 1488 314; x_wconf 80' lang='lat' dir='ltr'><strong>de</strong></span> <span class='ocrx_word' id='word_1_10' title='bbox 1529 256 1768 319; x_wconf 82' lang='lat' dir='ltr'><strong>Veteris</strong></span> <span class='ocrx_word' id='word_1_11' title='bbox 1809 262 1925 324; x_wconf 74' lang='lat' dir='ltr'><strong>Le·</strong></span> 
     </span>
     <span class='ocr_line' id='line_1_3' title="bbox 100 354 1923 446; baseline -0.003 -23"><span class='ocrx_word' id='word_1_12' title='bbox 100 364 197 446; x_wconf 81' lang='lat' dir='ltr'><strong>gis</strong></span> <span class='ocrx_word' id='word_1_13' title='bbox 250 360 468 446; x_wconf 81' lang='lat' dir='ltr'><strong>tabulis</strong></span> <span class='ocrx_word' id='word_1_14' title='bbox 522 361 584 421; x_wconf 88' lang='lat' dir='ltr'><strong>in</strong></span> <span class='ocrx_word' id='word_1_15' title='bbox 638 361 954 442; x_wconf 85' lang='lat' dir='ltr'><strong>Syriacam</strong></span> <span class='ocrx_word' id='word_1_16' title='bbox 1002 358 1350 419; x_wconf 71' lang='lat' dir='ltr'><strong>dialectum</strong></span> <span class='ocrx_word' id='word_1_17' title='bbox 1390 354 1576 417; x_wconf 87' lang='lat' dir='ltr'><strong>versis</strong></span> <span class='ocrx_word' id='word_1_18' title='bbox 1629 356 1923 438; x_wconf 71' lang='lat' dir='ltr'><strong>inquirere</strong></span> 
     </span>
     <span class='ocr_line' id='line_1_4' title="bbox 98 456 1937 547; baseline -0.003 -23"><span class='ocrx_word' id='word_1_19' title='bbox 98 474 440 547; x_wconf 74' lang='lat' dir='ltr'><strong>satagamus</strong></span> <span class='ocrx_word' id='word_1_20' title='bbox 469 507 485 523; x_wconf 91' lang='lat'><strong>.</strong></span> <span class='ocrx_word' id='word_1_21' title='bbox 536 462 663 522; x_wconf 83' lang='lat' dir='ltr'><strong>Vix</strong></span> <span class='ocrx_word' id='word_1_22' title='bbox 713 461 900 523; x_wconf 88' lang='lat' dir='ltr'><strong>ullum</strong></span> <span class='ocrx_word' id='word_1_23' title='bbox 951 470 1412 524; x_wconf 89' lang='lat' dir='ltr'><strong>monumentum</strong></span> <span class='ocrx_word' id='word_1_24' title='bbox 1453 456 1817 526; x_wconf 83' lang='lat' dir='ltr'><strong>historicum</strong></span> <span class='ocrx_word' id='word_1_25' title='bbox 1846 460 1937 520; x_wconf 87' lang='lat' dir='ltr'><strong>de-</strong></span> 
     </span>
     <span class='ocr_line' id='line_1_5' title="bbox 96 555 1935 644; baseline -0.004 -21"><span class='ocrx_word' id='word_1_26' title='bbox 96 560 696 628; x_wconf 69' lang='lat' dir='ltr'><strong>canum-&#39;auctoribus</strong></span> <span class='ocrx_word' id='word_1_27' title='bbox 745 573 981 644; x_wconf 86' lang='lat' dir='ltr'><strong>tempus</strong></span> <span class='ocrx_word' id='word_1_28' title='bbox 1024 556 1396 621; x_wconf 27' lang='lat' dir='ltr'><strong>edaxsnobis</strong></span> <span class='ocrx_word' id='word_1_29' title='bbox 1442 555 1740 639; x_wconf 86' lang='lat' dir='ltr'><strong>reliquit:.</strong></span> <span class='ocrx_word' id='word_1_30' title='bbox 1770 569 1830 616; x_wconf 89' lang='lat' dir='ltr'><strong>et</strong></span> <span class='ocrx_word' id='word_1_31' title='bbox 1869 559 1935 618; x_wconf 85' lang='lat' dir='ltr'><strong>si·</strong></span> 
     </span>
     <span class='ocr_line' id='line_1_6' title="bbox 95 657 1931 746; baseline -0.002 -24"><span class='ocrx_word' id='word_1_32' title='bbox 95 686 231 746; x_wconf 50' lang='lat' dir='ltr'><strong>quas</strong></span> <span class='ocrx_word' id='word_1_33' title='bbox 263 663 416 742; x_wconf 77' lang='lat' dir='ltr'><strong>forte</strong></span> <span class='ocrx_word' id='word_1_34' title='bbox 472 661 837 744; x_wconf 84' lang='lat' dir='ltr'><strong>exemplaria</strong></span> <span class='ocrx_word' id='word_1_35' title='bbox 899 661 964 720; x_wconf 88' lang='lat' dir='ltr'><strong>in</strong></span> <span class='ocrx_word' id='word_1_36' title='bbox 1019 659 1214 743; x_wconf 82' lang='lat' dir='ltr'><strong>patria</strong></span> <span class='ocrx_word' id='word_1_37' title='bbox 1262 657 1460 718; x_wconf 82' lang='lat' dir='ltr'><strong>adhuc</strong></span> <span class='ocrx_word' id='word_1_38' title='bbox 1507 657 1861 720; x_wconf 81' lang='lat' dir='ltr'>delitescant</span> <span class='ocrx_word' id='word_1_39' title='bbox 1904 704 1931 736; x_wconf 87' lang='lat'><strong>‚-</strong></span> 
     </span>
     <span class='ocr_line' id='line_1_7' title="bbox 93 746 1926 845; baseline -0.002 -17"><span class='ocrx_word' id='word_1_40' title='bbox 93 746 382 845; x_wconf 85' lang='lat' dir='ltr'><strong>locorum</strong></span> <span class='ocrx_word' id='word_1_41' title='bbox 430 778 628 827; x_wconf 86' lang='lat' dir='ltr'><strong>tamen</strong></span> <span class='ocrx_word' id='word_1_42' title='bbox 686 767 982 827; x_wconf 89' lang='lat' dir='ltr'><strong>invidiosa</strong></span> <span class='ocrx_word' id='word_1_43' title='bbox 1029 762 1309 831; x_wconf 65' lang='lat' dir='ltr'><strong>distentia</strong></span> <span class='ocrx_word' id='word_1_44' title='bbox 1350 784 1415 822; x_wconf 90' lang='lat' dir='ltr'><strong>ea</strong></span> <span class='ocrx_word' id='word_1_45' title='bbox 1467 760 1655 822; x_wconf 91' lang='lat' dir='ltr'><strong>oculo</strong></span> <span class='ocrx_word' id='word_1_46' title='bbox 1707 763 1926 824; x_wconf 83' lang='lat' dir='ltr'><strong>critico</strong></span> 
     </span>
     <span class='ocr_line' id='line_1_8' title="bbox 14 854 1928 952; baseline -0.003 -24"><span class='ocrx_word' id='word_1_47' title='bbox 14 902 19 909; x_wconf 88' lang='lat'><strong>·</strong></span> <span class='ocrx_word' id='word_1_48' title='bbox 95 854 513 952; x_wconf 80' lang='lat' dir='ltr'><strong>perlustranda</strong></span> <span class='ocrx_word' id='word_1_49' title='bbox 559 869 807 949; x_wconf 84' lang='lat' dir='ltr'><strong>denegat</strong></span> <span class='ocrx_word' id='word_1_50' title='bbox 848 912 862 928; x_wconf 91' lang='lat'><strong>.</strong></span> <span class='ocrx_word' id='word_1_51' title='bbox 908 870 1194 929; x_wconf 84' lang='lat' dir='ltr'><strong>Attamen</strong></span> <span class='ocrx_word' id='word_1_52' title='bbox 1229 911 1248 942; x_wconf 83' lang='lat'>‚</span> <span class='ocrx_word' id='word_1_53' title='bbox 1302 885 1496 947; x_wconf 89' lang='lat' dir='ltr'><strong>neque</strong></span> <span class='ocrx_word' id='word_1_54' title='bbox 1537 863 1741 924; x_wconf 89' lang='lat' dir='ltr'><strong>omnia</strong></span> <span class='ocrx_word' id='word_1_55' title='bbox 1797 885 1928 924; x_wconf 87' lang='lat' dir='ltr'><strong>me-</strong></span> 
     </span>
     <span class='ocr_line' id='line_1_9' title="bbox 94 965 1931 1050; baseline 0 -23"><span class='ocrx_word' id='word_1_56' title='bbox 94 967 198 1029; x_wconf 88' lang='lat' dir='ltr'><strong>dia</strong></span> <span class='ocrx_word' id='word_1_57' title='bbox 245 969 528 1031; x_wconf 87' lang='lat' dir='ltr'><strong>videntur</strong></span> <span class='ocrx_word' id='word_1_58' title='bbox 573 969 843 1030; x_wconf 87' lang='lat' dir='ltr'><strong>adhibita</strong></span> <span class='ocrx_word' id='word_1_59' title='bbox 902 968 1086 1029; x_wconf 89' lang='lat' dir='ltr'><strong>fuisse</strong></span> <span class='ocrx_word' id='word_1_60' title='bbox 1121 1013 1139 1041; x_wconf 87' lang='lat'>‚</span> <span class='ocrx_word' id='word_1_61' title='bbox 1198 965 1310 1027; x_wconf 88' lang='lat' dir='ltr'><strong>hac</strong></span> <span class='ocrx_word' id='word_1_62' title='bbox 1356 967 1415 1026; x_wconf 91' lang='lat' dir='ltr'><strong>in</strong></span> <span class='ocrx_word' id='word_1_63' title='bbox 1466 988 1530 1027; x_wconf 88' lang='lat' dir='ltr'><strong>re</strong></span> <span class='ocrx_word' id='word_1_64' title='bbox 1565 1012 1583 1043; x_wconf 78' lang='lat'>‚</span> <span class='ocrx_word' id='word_1_65' title='bbox 1634 987 1784 1050; x_wconf 86' lang='lat' dir='ltr'><strong>quae</strong></span> <span class='ocrx_word' id='word_1_66' title='bbox 1827 966 1931 1027; x_wconf 84' lang='lat' dir='ltr'><strong>Sa-</strong></span> 
     </span>
     <span class='ocr_line' id='line_1_10' title="bbox 93 1069 1929 1152; baseline -0.001 -21"><span class='ocrx_word' id='word_1_67' title='bbox 93 1091 331 1131; x_wconf 87' lang='lat' dir='ltr'><strong>crarum</strong></span> <span class='ocrx_word' id='word_1_68' title='bbox 378 1074 744 1133; x_wconf 82' lang='lat' dir='ltr'><strong>Litterarum</strong></span> <span class='ocrx_word' id='word_1_69' title='bbox 788 1070 1096 1132; x_wconf 83' lang='lat' dir='ltr'><strong>studiosos</strong></span> <span class='ocrx_word' id='word_1_70' title='bbox 1127 1069 1385 1130; x_wconf 84' lang='lat' dir='ltr'><strong>invitare</strong></span> <span class='ocrx_word' id='word_1_71' title='bbox 1425 1081 1673 1152; x_wconf 77' lang='lat' dir='ltr'><strong>possent</strong></span> <span class='ocrx_word' id='word_1_72' title='bbox 1712 1097 1726 1127; x_wconf 72' lang='grc' dir='ltr'><strong>ε</strong></span> <span class='ocrx_word' id='word_1_73' title='bbox 1773 1089 1929 1129; x_wconf 89' lang='lat' dir='ltr'><strong>non-</strong></span> 
     </span>
     <span class='ocr_line' id='line_1_11' title="bbox 92 1173 1929 1257; baseline -0.001 -21"><span class='ocrx_word' id='word_1_74' title='bbox 92 1176 252 1238; x_wconf 91' lang='lat' dir='ltr'><strong>nulla</strong></span> <span class='ocrx_word' id='word_1_75' title='bbox 293 1177 455 1238; x_wconf 88' lang='lat' dir='ltr'><strong>enim</strong></span> <span class='ocrx_word' id='word_1_76' title='bbox 501 1178 699 1238; x_wconf 86' lang='lat' dir='ltr'><strong>adhuc</strong></span> <span class='ocrx_word' id='word_1_77' title='bbox 740 1177 924 1237; x_wconf 85' lang='lat' dir='ltr'><strong>latent</strong></span> <span class='ocrx_word' id='word_1_78' title='bbox 972 1196 1123 1257; x_wconf 88' lang='lat' dir='ltr'><strong>quae</strong></span> <span class='ocrx_word' id='word_1_79' title='bbox 1171 1173 1233 1234; x_wconf 91' lang='lat' dir='ltr'><strong>in</strong></span> <span class='ocrx_word' id='word_1_80' title='bbox 1286 1173 1635 1234; x_wconf 80' lang='lat' dir='ltr'><strong>versionum</strong></span> <span class='ocrx_word' id='word_1_81' title='bbox 1678 1174 1929 1234; x_wconf 85' lang='lat' dir='ltr'><strong>istarum</strong></span> 
     </span>
     <span class='ocr_line' id='line_1_12' title="bbox 95 1271 1925 1360; baseline 0.001 -28"><span class='ocrx_word' id='word_1_82' title='bbox 95 1273 412 1336; x_wconf 78' lang='lat' dir='ltr'><strong>historiam</strong></span> <span class='ocrx_word' id='word_1_83' title='bbox 467 1298 683 1360; x_wconf 87' lang='lat' dir='ltr'><strong>parum</strong></span> <span class='ocrx_word' id='word_1_84' title='bbox 733 1276 944 1337; x_wconf 86' lang='lat' dir='ltr'><strong>saltem</strong></span> <span class='ocrx_word' id='word_1_85' title='bbox 992 1275 1146 1336; x_wconf 85' lang='lat' dir='ltr'><strong>lucis</strong></span> <span class='ocrx_word' id='word_1_86' title='bbox 1182 1271 1519 1334; x_wconf 84' lang='lat' dir='ltr'><strong>suffundere</strong></span> <span class='ocrx_word' id='word_1_87' title='bbox 1568 1320 1586 1350; x_wconf 86' lang='lat'>‚</span> <span class='ocrx_word' id='word_1_88' title='bbox 1636 1272 1925 1334; x_wconf 85' lang='lat' dir='ltr'><strong>nonnulla</strong></span> 
     </span>
     <span class='ocr_line' id='line_1_13' title="bbox 89 1372 1931 1460; baseline 0.001 -28"><span class='ocrx_word' id='word_1_89' title='bbox 89 1375 270 1435; x_wconf 85' lang='lat' dir='ltr'><strong>etiam</strong></span> <span class='ocrx_word' id='word_1_90' title='bbox 316 1398 466 1458; x_wconf 84' lang='lat' dir='ltr'><strong>quae</strong></span> <span class='ocrx_word' id='word_1_91' title='bbox 498 1375 680 1437; x_wconf 88' lang='lat' dir='ltr'><strong>dubia</strong></span> <span class='ocrx_word' id='word_1_92' title='bbox 737 1376 811 1436; x_wconf 89' lang='lat' dir='ltr'><strong>de</strong></span> <span class='ocrx_word' id='word_1_93' title='bbox 855 1375 1190 1460; x_wconf 88' lang='lat' dir='ltr'><strong>aliquarum</strong></span> <span class='ocrx_word' id='word_1_94' title='bbox 1224 1385 1435 1434; x_wconf 86' lang='lat' dir='ltr'><strong>natura</strong></span> <span class='ocrx_word' id='word_1_95' title='bbox 1471 1372 1565 1433; x_wconf 87' lang='lat' dir='ltr'><strong>vel</strong></span> <span class='ocrx_word' id='word_1_96' title='bbox 1616 1374 1931 1434; x_wconf 72' lang='lat' dir='ltr'><strong>existentia</strong></span> 
     </span>
     <span class='ocr_line' id='line_1_14' title="bbox 89 1470 696 1538; baseline 0.007 -8"><span class='ocrx_word' id='word_1_97' title='bbox 89 1470 363 1538; x_wconf 77' lang='lat' dir='ltr'><strong>dirimire</strong></span> <span class='ocrx_word' id='word_1_98' title='bbox 418 1474 696 1536; x_wconf 84' lang='lat' dir='ltr'><strong>valeant.</strong></span> 
     </span>
    </p>

    <p class='ocr_par' dir='ltr' id='par_1_3' title="bbox 79 1574 1939 3265">
     <span class='ocr_line' id='line_1_15' title="bbox 122 1574 1932 1660; baseline -0.001 -26"><span class='ocrx_word' id='word_1_99' title='bbox 122 1610 126 1616; x_wconf 90' lang='lat'>-</span> <span class='ocrx_word' id='word_1_100' title='bbox 175 1574 342 1648; x_wconf 86' lang='lat' dir='ltr'><strong>Quae</strong></span> <span class='ocrx_word' id='word_1_101' title='bbox 370 1596 557 1658; x_wconf 87' lang='lat' dir='ltr'><strong>quum</strong></span> <span class='ocrx_word' id='word_1_102' title='bbox 580 1576 802 1660; x_wconf 85' lang='lat' dir='ltr'><strong>partim</strong></span> <span class='ocrx_word' id='word_1_103' title='bbox 828 1574 1169 1658; x_wconf 84' lang='lat' dir='ltr'><strong>suspicatus</strong></span> <span class='ocrx_word' id='word_1_104' title='bbox 1190 1574 1449 1648; x_wconf 85' lang='lat' dir='ltr'><strong>fuerim,</strong></span> <span class='ocrx_word' id='word_1_105' title='bbox 1478 1575 1703 1657; x_wconf 86' lang='lat' dir='ltr'><strong>partim</strong></span> <span class='ocrx_word' id='word_1_106' title='bbox 1742 1593 1932 1655; x_wconf 83' lang='lat' dir='ltr'><strong>expe-</strong></span> 
     </span>
     <span class='ocr_line' id='line_1_16' title="bbox 89 1674 1932 1757; baseline 0.001 -24"><span class='ocrx_word' id='word_1_107' title='bbox 89 1674 353 1736; x_wconf 88' lang='lat' dir='ltr'><strong>rimento</strong></span> <span class='ocrx_word' id='word_1_108' title='bbox 399 1675 718 1737; x_wconf 79' lang='lat' dir='ltr'><strong>didicerim</strong></span> <span class='ocrx_word' id='word_1_109' title='bbox 748 1722 764 1753; x_wconf 89' lang='lat'>‚</span> <span class='ocrx_word' id='word_1_110' title='bbox 812 1698 907 1757; x_wconf 63' lang='lat' dir='ltr'><strong>eo&gt;</strong></span> <span class='ocrx_word' id='word_1_111' title='bbox 937 1698 1037 1736; x_wconf 90' lang='lat' dir='ltr'><strong>me</strong></span> <span class='ocrx_word' id='word_1_112' title='bbox 1075 1676 1355 1751; x_wconf 82' lang='lat' dir='ltr'><strong>accinxi,</strong></span> <span class='ocrx_word' id='word_1_113' title='bbox 1398 1687 1469 1735; x_wconf 84' lang='lat' dir='ltr'><strong>ut</strong></span> <span class='ocrx_word' id='word_1_114' title='bbox 1518 1696 1932 1757; x_wconf 86' lang='lat' dir='ltr'><strong>quaecumque</strong></span> 
     </span>
     <span class='ocr_line' id='line_1_17' title="bbox 89 1775 1931 1863; baseline -0.002 -25"><span class='ocrx_word' id='word_1_115' title='bbox 89 1777 162 1838; x_wconf 91' lang='lat' dir='ltr'><strong>de</strong></span> <span class='ocrx_word' id='word_1_116' title='bbox 189 1775 355 1837; x_wconf 86' lang='lat' dir='ltr'><strong>hisce</strong></span> <span class='ocrx_word' id='word_1_117' title='bbox 385 1778 768 1840; x_wconf 88' lang='lat' dir='ltr'><strong>versionibus</strong></span> <span class='ocrx_word' id='word_1_118' title='bbox 793 1778 1080 1863; x_wconf 87' lang='lat' dir='ltr'><strong>colligere</strong></span> <span class='ocrx_word' id='word_1_119' title='bbox 1114 1799 1362 1863; x_wconf 84' lang='lat' dir='ltr'><strong>possem</strong></span> <span class='ocrx_word' id='word_1_120' title='bbox 1388 1799 1508 1839; x_wconf 89' lang='lat' dir='ltr'><strong>non</strong></span> <span class='ocrx_word' id='word_1_121' title='bbox 1541 1782 1662 1861; x_wconf 87' lang='lat' dir='ltr'><strong>jam</strong></span> <span class='ocrx_word' id='word_1_122' title='bbox 1686 1775 1761 1835; x_wconf 86' lang='lat' dir='ltr'><strong>ab</strong></span> <span class='ocrx_word' id='word_1_123' title='bbox 1797 1775 1931 1836; x_wconf 89' lang='lat' dir='ltr'><strong>aliis</strong></span> 
     </span>
     <span class='ocr_line' id='line_1_18' title="bbox 88 1875 1924 1958; baseline -0.001 -23"><span class='ocrx_word' id='word_1_124' title='bbox 88 1887 383 1958; x_wconf 88' lang='lat' dir='ltr'><strong>occupata</strong></span> <span class='ocrx_word' id='word_1_125' title='bbox 419 1921 436 1950; x_wconf 88' lang='lat'>‚</span> <span class='ocrx_word' id='word_1_126' title='bbox 487 1899 552 1938; x_wconf 88' lang='lat' dir='ltr'><strong>ea</strong></span> <span class='ocrx_word' id='word_1_127' title='bbox 604 1878 666 1936; x_wconf 88' lang='lat' dir='ltr'><strong>in</strong></span> <span class='ocrx_word' id='word_1_128' title='bbox 715 1879 816 1938; x_wconf 89' lang='lat' dir='ltr'><strong>SS.</strong></span> <span class='ocrx_word' id='word_1_129' title='bbox 877 1879 1004 1938; x_wconf 84' lang='lat' dir='ltr'><strong>LL.</strong></span> <span class='ocrx_word' id='word_1_130' title='bbox 1053 1876 1457 1938; x_wconf 88' lang='lat' dir='ltr'><strong>commodum</strong></span> <span class='ocrx_word' id='word_1_131' title='bbox 1528 1875 1924 1952; x_wconf 68' lang='lat' dir='ltr'><strong>conferretur,</strong></span> 
     </span>
     <span class='ocr_line' id='line_1_19' title="bbox 87 1971 1934 2059; baseline -0.002 -22"><span class='ocrx_word' id='word_1_132' title='bbox 87 1998 210 2037; x_wconf 86' lang='lat' dir='ltr'><strong>non</strong></span> <span class='ocrx_word' id='word_1_133' title='bbox 235 1977 318 2036; x_wconf 87' lang='lat' dir='ltr'><strong>ita</strong></span> <span class='ocrx_word' id='word_1_134' title='bbox 347 1975 595 2059; x_wconf 90' lang='lat' dir='ltr'><strong>quidem</strong></span> <span class='ocrx_word' id='word_1_135' title='bbox 629 1987 695 2036; x_wconf 85' lang='lat' dir='ltr'><strong>ut</strong></span> <span class='ocrx_word' id='word_1_136' title='bbox 726 1974 871 2058; x_wconf 90' lang='lat' dir='ltr'><strong>quid</strong></span> <span class='ocrx_word' id='word_1_137' title='bbox 900 1976 1031 2057; x_wconf 88' lang='lat' dir='ltr'><strong>ipse</strong></span> <span class='ocrx_word' id='word_1_138' title='bbox 1057 1974 1317 2036; x_wconf 83' lang='lat' dir='ltr'><strong>sentiam</strong></span> <span class='ocrx_word' id='word_1_139' title='bbox 1343 2021 1362 2048; x_wconf 82' lang='lat'>‚</span> <span class='ocrx_word' id='word_1_140' title='bbox 1411 1972 1740 2055; x_wconf 83' lang='lat' dir='ltr'><strong>panderem</strong></span> <span class='ocrx_word' id='word_1_141' title='bbox 1759 2019 1777 2050; x_wconf 85' lang='lat'>‚</span> <span class='ocrx_word' id='word_1_142' title='bbox 1826 1971 1934 2034; x_wconf 88' lang='lat' dir='ltr'><strong>sed</strong></span> 
     </span>
     <span class='ocr_line' id='line_1_20' title="bbox 86 2073 1931 2158; baseline -0.001 -22"><span class='ocrx_word' id='word_1_143' title='bbox 86 2088 152 2136; x_wconf 90' lang='lat' dir='ltr'><strong>ut</strong></span> <span class='ocrx_word' id='word_1_144' title='bbox 183 2077 494 2158; x_wconf 75' lang='lat' dir='ltr'><strong>symbolas</strong></span> <span class='ocrx_word' id='word_1_145' title='bbox 531 2075 882 2155; x_wconf 84' lang='lat' dir='ltr'><strong>colligerem</strong></span> <span class='ocrx_word' id='word_1_146' title='bbox 938 2085 1176 2142; x_wconf 85' lang='lat' dir='ltr'><strong>tautum</strong></span> <span class='ocrx_word' id='word_1_147' title='bbox 1211 2121 1229 2150; x_wconf 86' lang='lat'><strong>,</strong></span> <span class='ocrx_word' id='word_1_148' title='bbox 1277 2095 1535 2156; x_wconf 89' lang='lat' dir='ltr'><strong>quarum</strong></span> <span class='ocrx_word' id='word_1_149' title='bbox 1593 2096 1724 2158; x_wconf 85' lang='lat' dir='ltr'><strong>ope-</strong></span> <span class='ocrx_word' id='word_1_150' title='bbox 1764 2073 1931 2157; x_wconf 88' lang='lat' dir='ltr'><strong>judi·</strong></span> 
     </span>
     <span class='ocr_line' id='line_1_21' title="bbox 87 2172 1934 2257; baseline -0.001 -22"><span class='ocrx_word' id='word_1_151' title='bbox 87 2176 249 2235; x_wconf 87' lang='lat' dir='ltr'><strong>cium</strong></span> <span class='ocrx_word' id='word_1_152' title='bbox 283 2175 436 2236; x_wconf 73' lang='lat' dir='ltr'><strong>serre</strong></span> <span class='ocrx_word' id='word_1_153' title='bbox 466 2175 701 2257; x_wconf 90' lang='lat' dir='ltr'><strong>possint</strong></span> <span class='ocrx_word' id='word_1_154' title='bbox 724 2174 829 2256; x_wconf 84' lang='lat' dir='ltr'><strong>qui</strong></span> <span class='ocrx_word' id='word_1_155' title='bbox 874 2196 931 2235; x_wconf 86' lang='lat' dir='ltr'><strong>se</strong></span> <span class='ocrx_word' id='word_1_156' title='bbox 955 2174 1025 2234; x_wconf 81' lang='lat' dir='ltr'><strong>in</strong></span> <span class='ocrx_word' id='word_1_157' title='bbox 1053 2172 1220 2234; x_wconf 82' lang='lat' dir='ltr'><strong>hisce</strong></span> <span class='ocrx_word' id='word_1_158' title='bbox 1274 2173 1493 2235; x_wconf 83' lang='lat' dir='ltr'><strong>studiis</strong></span> <span class='ocrx_word' id='word_1_159' title='bbox 1521 2174 1712 2256; x_wconf 86' lang='lat' dir='ltr'><strong>magis</strong></span> <span class='ocrx_word' id='word_1_160' title='bbox 1758 2196 1934 2236; x_wconf 85' lang='lat' dir='ltr'><strong>exer-</strong></span> 
     </span>
     <span class='ocr_line' id='line_1_22' title="bbox 85 2269 1928 2354; baseline 0.001 -20"><span class='ocrx_word' id='word_1_161' title='bbox 85 2275 308 2334; x_wconf 88' lang='lat' dir='ltr'><strong>citatos</strong></span> <span class='ocrx_word' id='word_1_162' title='bbox 346 2273 585 2334; x_wconf 87' lang='lat' dir='ltr'><strong>norint.</strong></span> <span class='ocrx_word' id='word_1_163' title='bbox 636 2273 817 2333; x_wconf 91' lang='lat' dir='ltr'><strong>Unde</strong></span> <span class='ocrx_word' id='word_1_164' title='bbox 849 2271 900 2332; x_wconf 89' lang='lat' dir='ltr'><strong>si</strong></span> <span class='ocrx_word' id='word_1_165' title='bbox 937 2269 1124 2331; x_wconf 90' lang='lat' dir='ltr'><strong>multa</strong></span> <span class='ocrx_word' id='word_1_166' title='bbox 1174 2293 1296 2332; x_wconf 89' lang='lat' dir='ltr'><strong>non</strong></span> <span class='ocrx_word' id='word_1_167' title='bbox 1347 2273 1547 2354; x_wconf 89' lang='lat' dir='ltr'><strong>magni</strong></span> <span class='ocrx_word' id='word_1_168' title='bbox 1589 2272 1879 2354; x_wconf 89' lang='lat' dir='ltr'><strong>ponderis</strong></span> <span class='ocrx_word' id='word_1_169' title='bbox 1910 2321 1928 2354; x_wconf 78' lang='lat'>‚</span> 
     </span>
     <span class='ocr_line' id='line_1_23' title="bbox 82 2366 1936 2452; baseline -0.002 -22"><span class='ocrx_word' id='word_1_170' title='bbox 82 2372 277 2432; x_wconf 87' lang='lat' dir='ltr'><strong>immo</strong></span> <span class='ocrx_word' id='word_1_171' title='bbox 313 2373 542 2432; x_wconf 82' lang='lat' dir='ltr'><strong>minuta</strong></span> <span class='ocrx_word' id='word_1_172' title='bbox 575 2371 757 2431; x_wconf 85' lang='lat' dir='ltr'><strong>nimis</strong></span> <span class='ocrx_word' id='word_1_173' title='bbox 787 2381 848 2431; x_wconf 78' lang='lat' dir='ltr'><strong>et</strong></span> <span class='ocrx_word' id='word_1_174' title='bbox 881 2368 1195 2430; x_wconf 84' lang='lat' dir='ltr'><strong>subtiliora</strong></span> <span class='ocrx_word' id='word_1_175' title='bbox 1250 2370 1376 2431; x_wconf 84' lang='lat' dir='ltr'><strong>visa</strong></span> <span class='ocrx_word' id='word_1_176' title='bbox 1400 2369 1638 2430; x_wconf 78' lang='lat' dir='ltr'><strong>&#39;fuerint</strong></span> <span class='ocrx_word' id='word_1_177' title='bbox 1681 2415 1696 2445; x_wconf 87' lang='lat'>,</span> <span class='ocrx_word' id='word_1_178' title='bbox 1746 2366 1936 2452; x_wconf 49' lang='lat' dir='ltr'><strong>negliss</strong></span> 
     </span>
     <span class='ocr_line' id='line_1_24' title="bbox 85 2470 1932 2559; baseline -0.001 -27"><span class='ocrx_word' id='word_1_179' title='bbox 85 2487 226 2556; x_wconf 86' lang='lat' dir='ltr'><strong>gant</strong></span> <span class='ocrx_word' id='word_1_180' title='bbox 276 2474 408 2533; x_wconf 82' lang='lat' dir='ltr'><strong>Viri</strong></span> <span class='ocrx_word' id='word_1_181' title='bbox 463 2475 685 2553; x_wconf 83' lang='lat' dir='ltr'><strong>docti,</strong></span> <span class='ocrx_word' id='word_1_182' title='bbox 729 2487 855 2537; x_wconf 89' lang='lat' dir='ltr'><strong>non</strong></span> <span class='ocrx_word' id='word_1_183' title='bbox 909 2495 1052 2559; x_wconf 85' lang='lat' dir='ltr'><strong>vero</strong></span> <span class='ocrx_word' id='word_1_184' title='bbox 1105 2472 1258 2533; x_wconf 89' lang='lat' dir='ltr'><strong>mihi</strong></span> <span class='ocrx_word' id='word_1_185' title='bbox 1314 2473 1468 2535; x_wconf 83' lang='lat' dir='ltr'><strong>vitio</strong></span> <span class='ocrx_word' id='word_1_186' title='bbox 1516 2483 1751 2534; x_wconf 82' lang='lat' dir='ltr'><strong>vertant</strong></span> <span class='ocrx_word' id='word_1_187' title='bbox 1796 2470 1932 2555; x_wconf 82' lang='lat' dir='ltr'><strong>:qui</strong></span> 
     </span>
     <span class='ocr_line' id='line_1_25' title="bbox 86 2571 1937 2661; baseline -0.002 -23"><span class='ocrx_word' id='word_1_188' title='bbox 86 2575 248 2638; x_wconf 89' lang='lat' dir='ltr'><strong>enim</strong></span> <span class='ocrx_word' id='word_1_189' title='bbox 296 2576 502 2661; x_wconf 86' lang='lat' dir='ltr'><strong>omnia</strong></span> <span class='ocrx_word' id='word_1_190' title='bbox 553 2597 876 2657; x_wconf 83' lang='lat' dir='ltr'><strong>congerere</strong></span> <span class='ocrx_word' id='word_1_191' title='bbox 926 2574 1132 2638; x_wconf 83' lang='lat' dir='ltr'><strong>studet</strong></span> <span class='ocrx_word' id='word_1_192' title='bbox 1180 2622 1197 2651; x_wconf 91' lang='lat'>‚</span> <span class='ocrx_word' id='word_1_193' title='bbox 1271 2574 1420 2647; x_wconf 89' lang='lat' dir='ltr'><strong>huic</strong></span> <span class='ocrx_word' id='word_1_194' title='bbox 1475 2596 1666 2658; x_wconf 78' lang='lat' dir='ltr'><strong>neque</strong></span> <span class='ocrx_word' id='word_1_195' title='bbox 1706 2571 1937 2635; x_wconf 84' lang='lat' dir='ltr'><strong>leviora</strong></span> 
     </span>
     <span class='ocr_line' id='line_1_26' title="bbox 94 2676 1935 2762; baseline -0.002 -24"><span class='ocrx_word' id='word_1_196' title='bbox 94 2677 470 2762; x_wconf 83' lang='lat' dir='ltr'><strong>spernenda.</strong></span> <span class='ocrx_word' id='word_1_197' title='bbox 518 2679 589 2744; x_wconf 89' lang='lat' dir='ltr'><strong>In</strong></span> <span class='ocrx_word' id='word_1_198' title='bbox 643 2702 756 2740; x_wconf 85' lang='lat' dir='ltr'><strong>una</strong></span> <span class='ocrx_word' id='word_1_199' title='bbox 798 2676 1045 2740; x_wconf 85' lang='lat' dir='ltr'><strong>tandem</strong></span> <span class='ocrx_word' id='word_1_200' title='bbox 1095 2678 1641 2740; x_wconf 82' lang='lat' dir='ltr'><strong>Commentatione</strong></span> <span class='ocrx_word' id='word_1_201' title='bbox 1682 2689 1743 2737; x_wconf 92' lang='lat' dir='ltr'><strong>et</strong></span> <span class='ocrx_word' id='word_1_202' title='bbox 1793 2676 1935 2759; x_wconf 88' lang='lat' dir='ltr'><strong>qui-</strong></span> 
     </span>
     <span class='ocr_line' id='line_1_27' title="bbox 92 2777 1933 2876; baseline -0.001 -38"><span class='ocrx_word' id='word_1_203' title='bbox 92 2777 257 2838; x_wconf 84' lang='lat' dir='ltr'><strong>dem</strong></span> <span class='ocrx_word' id='word_1_204' title='bbox 296 2798 635 2861; x_wconf 81' lang='lat' dir='ltr'><strong>paucarum</strong></span> <span class='ocrx_word' id='word_1_205' title='bbox 693 2778 1072 2862; x_wconf 83' lang='lat' dir='ltr'><strong>plagularum</strong></span> <span class='ocrx_word' id='word_1_206' title='bbox 1120 2778 1346 2876; x_wconf 84' lang='lat' dir='ltr'><strong>spatio</strong></span> <span class='ocrx_word' id='word_1_207' title='bbox 1379 2790 1545 2871; x_wconf 81' lang='lat' dir='ltr'><strong>rem</strong></span> <span class='ocrx_word' id='word_1_208' title='bbox 1569 2778 1867 2837; x_wconf 85' lang='lat' dir='ltr'><strong>conficere</strong></span> <span class='ocrx_word' id='word_1_209' title='bbox 1912 2819 1933 2850; x_wconf 81' lang='lat'><strong>‚</strong></span> 
     </span>
     <span class='ocr_line' id='line_1_28' title="bbox 93 2869 1934 2955; baseline -0.002 -15"><span class='ocrx_word' id='word_1_210' title='bbox 93 2881 277 2942; x_wconf 87' lang='lat' dir='ltr'><strong>initio</strong></span> <span class='ocrx_word' id='word_1_211' title='bbox 323 2871 708 2943; x_wconf 86' lang='lat' dir='ltr'><strong>decreveram</strong></span> <span class='ocrx_word' id='word_1_212' title='bbox 750 2909 767 2939; x_wconf 69' lang='grc' dir='ltr'><strong><em>ε</em></strong></span> <span class='ocrx_word' id='word_1_213' title='bbox 813 2878 919 2941; x_wconf 89' lang='lat' dir='ltr'><strong>sed</strong></span> <span class='ocrx_word' id='word_1_214' title='bbox 955 2925 972 2955; x_wconf 84' lang='lat'>‚</span> <span class='ocrx_word' id='word_1_215' title='bbox 1026 2869 1390 2942; x_wconf 80' lang='lat' dir='ltr'><strong>accedente</strong></span> <span class='ocrx_word' id='word_1_216' title='bbox 1402 2900 1562 2940; x_wconf 88' lang='lat' dir='ltr'><strong>nova</strong></span> <span class='ocrx_word' id='word_1_217' title='bbox 1604 2875 1934 2953; x_wconf 78' lang='lat' dir='ltr'><strong>industria,</strong></span> 
     </span>
     <span class='ocr_line' id='line_1_29' title="bbox 83 2974 1935 3065; baseline -0.002 -25"><span class='ocrx_word' id='word_1_218' title='bbox 83 2980 147 3040; x_wconf 90' lang='lat' dir='ltr'><strong>in</strong></span> <span class='ocrx_word' id='word_1_219' title='bbox 179 2981 406 3053; x_wconf 83' lang='lat' dir='ltr'><strong>molem</strong></span> <span class='ocrx_word' id='word_1_220' title='bbox 438 3004 574 3044; x_wconf 84' lang='lat' dir='ltr'><strong>non</strong></span> <span class='ocrx_word' id='word_1_221' title='bbox 618 3002 879 3064; x_wconf 80' lang='lat' dir='ltr'><strong>parvam</strong></span> <span class='ocrx_word' id='word_1_222' title='bbox 914 2992 1387 3048; x_wconf 78' lang='lat' dir='ltr'><strong>succreverunt</strong></span> <span class='ocrx_word' id='word_1_223' title='bbox 1401 2974 1747 3065; x_wconf 71' lang='lat' dir='ltr'><strong>symbolae</strong></span> <span class='ocrx_word' id='word_1_224' title='bbox 1754 2980 1935 3053; x_wconf 83' lang='lat' dir='ltr'><strong>istae,</strong></span> 
     </span>
     <span class='ocr_line' id='line_1_30' title="bbox 84 3078 1939 3165; baseline -0.003 -23"><span class='ocrx_word' id='word_1_225' title='bbox 84 3082 244 3143; x_wconf 88' lang='lat' dir='ltr'><strong>unde</strong></span> <span class='ocrx_word' id='word_1_226' title='bbox 296 3103 393 3142; x_wconf 81' lang='lat' dir='ltr'><strong>eas</strong></span> <span class='ocrx_word' id='word_1_227' title='bbox 437 3083 501 3146; x_wconf 87' lang='lat' dir='ltr'><strong>in</strong></span> <span class='ocrx_word' id='word_1_228' title='bbox 566 3085 758 3149; x_wconf 65' lang='lat' dir='ltr'><strong>varias</strong></span> <span class='ocrx_word' id='word_1_229' title='bbox 809 3079 1179 3165; x_wconf 24' lang='lat' dir='ltr'><strong>particulas*</strong></span> <span class='ocrx_word' id='word_1_230' title='bbox 1231 3080 1458 3146; x_wconf 84' lang='lat' dir='ltr'><strong>divisas</strong></span> <span class='ocrx_word' id='word_1_231' title='bbox 1510 3079 1714 3144; x_wconf 81' lang='lat' dir='ltr'><strong>faciles</strong></span> <span class='ocrx_word' id='word_1_232' title='bbox 1755 3078 1939 3140; x_wconf 79' lang='lat' dir='ltr'><strong>acci·-</strong></span> 
     </span>
     <span class='ocr_line' id='line_1_31' title="bbox 79 3181 522 3265; baseline 0.008 -24"><span class='ocrx_word' id='word_1_233' title='bbox 79 3184 251 3265; x_wconf 85' lang='lat' dir='ltr'><strong>piant</strong></span> <span class='ocrx_word' id='word_1_234' title='bbox 290 3181 522 3244; x_wconf 81' lang='lat' dir='ltr'><strong>velim.</strong></span> 
     </span>
    </p>

    <p class='ocr_par' dir='ltr' id='par_1_4' title="bbox 73 3284 1937 3472">
     <span class='ocr_line' id='line_1_32' title="bbox 166 3284 1937 3381; baseline 0.001 -38"><span class='ocrx_word' id='word_1_235' title='bbox 166 3284 291 3343; x_wconf 87' lang='lat' dir='ltr'><strong>Tot</strong></span> <span class='ocrx_word' id='word_1_236' title='bbox 351 3285 580 3368; x_wconf 84' lang='lat' dir='ltr'><strong>passim</strong></span> <span class='ocrx_word' id='word_1_237' title='bbox 628 3285 1005 3381; x_wconf 71' lang='lat' dir='ltr'><strong>laudantur-a</strong></span> <span class='ocrx_word' id='word_1_238' title='bbox 1036 3285 1469 3380; x_wconf 69' lang='lat' dir='ltr'><strong>scriptoribus</strong></span> <span class='ocrx_word' id='word_1_239' title='bbox 1499 3287 1796 3350; x_wconf 83' lang='lat' dir='ltr'><strong>versiones</strong></span> <span class='ocrx_word' id='word_1_240' title='bbox 1825 3285 1937 3369; x_wconf 78' lang='lat' dir='ltr'><strong>Sy-</strong></span> 
     </span>
     <span class='ocr_line' id='line_1_33' title="bbox 61 3381 1921 3479; baseline -0.004 -31.948"><span class='ocrx_word' id='word_1_241' title='bbox 61 3381 310 3461; x_wconf 64' lang='lat' dir='ltr'><strong>rheae,</strong></span> <span class='ocrx_word' id='word_1_242' title='bbox 357 3394 422 3444; x_wconf 87' lang='lat' dir='ltr'><strong>ut</strong></span> <span class='ocrx_word' id='word_1_243' title='bbox 463 3406 618 3471; x_wconf 86' lang='lat' dir='ltr'><strong>quae</strong></span> <span class='ocrx_word' id='word_1_244' title='bbox 660 3384 1055 3472; x_wconf 75' lang='lat' dir='ltr'><strong>Augustinus</strong></span> <span class='ocrx_word' id='word_1_245' title='bbox 1094 3387 1168 3479; x_wconf 85' lang='lat' dir='ltr'><strong>de</strong></span> <span class='ocrx_word' id='word_1_246' title='bbox 1207 3382 1750 3451; x_wconf 69' lang='lat' dir='ltr'><strong>innumerabilibus</strong></span> <span class='ocrx_word' id='word_1_247' title='bbox 1790 3397 1921 3453; x_wconf 54' lang='lat' dir='ltr'><strong>,verz</strong></span> 
     </span>
    </p>
   </div>
  </div>
 </body>
</html>
