2444 4062
1396 227 1517 313 104

518 369 702 428 nam,
731 352 923 436 eoque
948 347 1043 413 nti
1068 349 1147 413 ad
1175 347 1596 414 difficultatem
1625 355 2120 441 explanandam
2098 385 2164 427 in
2198 376 2385 431 texur

520 449 798 533 Syriaco.
812 452 970 512 Tum
995 463 1056 512 et
1086 449 1239 511 illud
1260 462 1472 512 notatu
1489 451 1741 535 dignum
1763 503 1782 534 ,
1811 483 1888 522 ex
1919 476 2116 525 mente
2136 464 2370 532 Jacob}

515 546 860 612 adhibuisse
882 550 1240 635 interpretes
1263 549 1409 630 (non
1435 575 1628 614 unum
1649 556 1753 617 sed
1763 545 2369 646 plures‚quosetiam

512 649 790 712 nominat
820 650 1204 733 Ephraemus
1237 650 1387 711 infra
1415 649 1751 716 laudandus
1776 702 1797 732 ,
1848 658 1872 740 )
1899 670 2136 722 textum
2172 663 2371 724 Grae-

512 771 656 813 cum
686 797 707 830 ‚
757 750 822 813 in
856 771 976 837 quo
1010 751 1145 812 solo
1184 771 1311 811 vox
1341 747 1697 843 δίαιψαλμα
1725 776 2042 819 occurrere
2067 770 2314 842 poterat
2345 806 2371 838 ‚

509 884 633 925 non
673 863 924 949 quidem
956 877 1023 925 ut
1055 865 1347 926 versionis
1380 878 1791 952 prototypum
1818 916 1838 946 ,
1882 868 2002 931 hoc
2049 872 2214 932 enim
2245 873 2374 936 Ja·'‘

511 968 710 1030 cobas
743 991 1050 1054 nunquam
1085 972 1423 1059 suspicatus
1455 983 1547 1031 est
1569 1017 1586 1048 ‚
1612 965 1672 1013 25
1709 972 1912 1034 sed'ut
1936 996 2014 1036 ex
2041 996 2113 1036 eo
2134 974 2366 1037 obscu-

513 1088 582 1128 ra
613 1064 751 1131 loca
784 1069 1205 1133 illustrarent=
1251 1092 1364 1134 nec
1412 1071 1590 1133 video
1639 1096 1822 1158 quare
1869 1074 2224 1161 hypothesis
2251 1075 2370 1138 ista

510 1165 757 1230 admitti
786 1192 908 1232 non
934 1172 1172 1257 possit,
1214 1172 1291 1233 ad
1322 1172 1748 1259 explicandam
1770 1221 1790 1250 ‚
1835 1178 2054 1237 saltem
2101 1197 2192 1237 ex
2209 1198 2367 1260 par-

511 1284 612 1351 te,
659 1267 722 1315 ²5
749 1278 1171 1357 cognationem
1210 1300 1390 1362 quam
1426 1278 1652 1363 passim
1688 1277 2026 1340 invenimus
2066 1278 2221 1341 inter
2257 1277 2366 1344 Pe.

511 1375 712 1438 schito
742 1391 805 1441 et
831 1380 1305 1443 Alexandrinam
1339 1382 1681 1444 versionem
1710 1427 1726 1441 .

597 1478 971 1560 Opinionem
1014 1482 1194 1542 istam
1238 1482 1313 1542 de
1343 1483 1573 1565 origine
1602 1479 1969 1542 occidentali
1996 1481 2157 1543 inter
2181 1481 2368 1567 Syros

506 1573 829 1638 invaluisse
850 1579 1017 1639 varia
1043 1580 1431 1659 confirmantr,
1458 1592 1518 1641 et
1546 1580 1795 1666 quidem
1819 1581 2026 1665 primo
2054 1601 2205 1663 quae
2218 1601 2363 1643 nar·

505 1685 603 1736 rat
639 1676 1077 1743 Barhebraeus
1104 1680 1185 1742 vde
1215 1684 1458 1743 inventa
1493 1683 1765 1746 versione
1798 1680 1874 1740 ab
1899 1681 2166 1764 Origene
2193 1678 2364 1766 apud

502 1774 824 1842 mulierem
856 1779 1106 1842 viduam
1135 1809 1152 1840 ε
1184 1782 1337 1844 haec
1369 1781 1534 1843 enim
1562 1779 1745 1842 verba
1764 1825 1784 1858 ‚
1817 1801 1966 1863 quae
1995 1781 2364 1845 recentiores

461 1937 471 1945 ,
503 1876 862 1958 nonnullos,
889 1880 1036 1943 alibi
1064 1904 1316 1944 censura
1343 1881 1670 1960 notandos,
1695 1881 1756 1941 in
1783 1901 2051 1944 errorem
2075 1879 2318 1943 induxit
2339 1927 2361 1959 ,

433 1967 449 2027 '.
506 1976 752 2040 innuere
783 1980 1067 2043 videntur
1095 1983 1439 2045 versionem
1484 1982 1652 2044 illam
1685 2003 1866 2064 quam
1901 1982 2132 2045 invenit
2160 1982 2365 2044 Hieri-

504 2077 726 2143 chunte
752 2090 811 2140 27
847 2084 1146 2167 Origenes
1177 2083 1412 2145 nullam
1439 2083 1620 2166 aliam
1649 2083 1837 2145 fuisse
1869 2084 1984 2146 nisi
2011 2083 2324 2168 Syriacam
2343 2126 2362 2146 .

1074 2234 1428 2256 mm

585 2335 701 2402 (25)
739 2344 976 2392 Jacobnm
1005 2341 1135 2393 enim
1163 2342 1382 2408 linguam
1399 2341 1695 2390 Hebraicam
1726 2340 1952 2391 calluisse
1991 2344 2260 2393 ostendunt
2299 2353 2351 2394 et

495 2426 727 2488 Syrorum
750 2426 1057 2484 testimonia,
1085 2435 1133 2475 et
1150 2427 1283 2490 quod
1298 2428 1402 2491 ipse
1429 2427 1479 2474 in
1495 2427 1696 2474 Sacrum
1710 2424 1945 2474 Codicem
1972 2424 2218 2491 impendit
2251 2437 2361 2477 atu·

499 2505 636 2567 dium
668 2517 768 2554 tam
796 2505 1032 2556 Critieum
1057 2524 1201 2573 quam
1231 2507 1542 2572 Exegeticum
1573 2536 1591 2553 .

578 2585 696 2658 (26)
731 2581 1081 2654 Cognationem
1109 2591 1248 2640 istam
1262 2585 1365 2639 'non
1401 2608 1457 2638 ex
1481 2590 1577 2638 hac
1598 2587 1702 2638 sola
1731 2605 1873 2637 causa
1902 2587 2141 2651 originem
2182 2589 2358 2639 trahe-

496 2687 549 2717 re
576 2670 692 2719 satis
719 2672 1073 2722 demonstrasse
1100 2683 1222 2736 puto
1253 2674 1611 2723 Eichhornium
1640 2699 1655 2716 .
1694 2668 1940 2743 (Εἰηὶεἰε.
1961 2678 2055 2718 etc.
2085 2679 2141 2718 nt
2172 2685 2357 2736 supra,

494 2771 584 2821 pp.
604 2755 720 2815 451,
747 2767 904 2821 seqq.)
937 2756 1159 2805 Addueit
1187 2757 1316 2804 enim
1344 2755 1668 2805 Chaldaicam
1695 2752 2022 2818 paraphrasin
2062 2752 2114 2801 in
2142 2753 2360 2802 Proverss

493 2838 688 2888 biorum
714 2838 927 2898 librum,
957 2858 1083 2904 quae
1110 2841 1346 2890 versionis
1375 2849 1570 2887 nostrae
1598 2836 1703 2884 filia
1739 2844 1813 2884 est
1841 2870 1858 2893 ,
1894 2852 1985 2885 nec
2028 2851 2127 2883 non
2159 2835 2359 2883 Bathe-

491 2921 720 2980 branam,
757 2920 838 2985 qui
867 2921 1133 2970 Hebraicae
1179 2919 1373 2971 veritati
1425 2918 1697 2967 conformes
1743 2926 1856 2964 sunt
1883 2951 1899 2974 ,
1937 2932 2085 2980 quum
2113 2911 2357 2963 hodierna

491 3001 719 3051 Peschito
737 3002 1041 3068 Exemplaria
1060 3003 1121 3053 ab
1150 3004 1254 3068 ipsa
1278 3039 1294 3063 ‚
1331 3002 1397 3050 ad
1424 3004 1666 3052 Graecum
1682 2999 2007 3063 interpretem
2032 2997 2318 3046 sectandum
2333 3030 2354 3057 ,

494 3084 875 3135 declinant-His
901 3085 954 3133 in
977 3085 1116 3145 locis,
1143 3085 1405 3151 posteriori
1431 3094 1606 3142 aetate,
1635 3080 1955 3130 mutationem
1982 3077 2138 3143 ipsam
2153 3093 2351 3143 passam

491 3183 600 3221 cue
619 3178 851 3219 constat.
885 3167 1023 3218 Alibi
1048 3185 1165 3217 vero
1196 3171 1466 3234 Ephraenu‘
1494 3177 1677 3226 textus,
1705 3163 1758 3212 in
1786 3159 2061 3212 defectibus
2088 3158 2197 3208 istis
2233 3176 2348 3213 enm

488 3258 631 3320 textu
664 3246 854 3321 recenti
876 3247 1159 3334 conspirat?

578 3337 693 3402 (27)
728 3335 862 3397 Quae
892 3330 955 3381 de
982 3323 1204 3383 versione
1234 3332 1295 3381 ab
1331 3337 1538 3397 origene
1561 3330 1756 3380 inventa
1792 3322 1945 3374 tradit
1969 3308 2345 3384 Bar-hebraeus,

487 3420 554 3468 ud
579 3426 769 3471 tea-tm
791 3419 1089 3469 Hebrae'eum
1110 3418 1346 3466 transfert
1375 3416 1455 3467 Ol·
1484 3416 1763 3471 Assemuni,
1802 3408 1955 3470 (nib.
1976 3412 2073 3458 -01·.
2089 3408 2148 3455 Τ.
2184 3408 2254 3456 11.
2286 3422 2343 3472 p.

493 3510 645 3572 2790)
679 3503 836 3561 invito
861 3518 1063 3573 prorsus
1087 3510 1346 3565 contextu,
1364 3511 1414 3552 et
1439 3499 1679 3553 renitente
1709 3490 2069 3549 constructione
2095 3504 2343 3560 gramna-
