2444 4062
987 211 1064 291 4²

74 336 225 397 rlum
263 381 280 411 ‚
327 345 385 396 et
439 335 745 396 Graecum
794 340 855 393 et
901 331 1220 414 Syriacum
1254 329 1416 414 apud
1468 329 1728 393 Paulum
1759 377 1777 408 ‚
1828 335 1951 418 qni·

100 503 408 590 conjugale
442 502 759 578 vinculum
794 547 812 578 ‚
856 502 1124 598 μυςῆειον
1159 497 1274 582 (in
1302 498 1572 561 versione
1608 498 1736 580 Syr.
1768 464 1932 582 ως)

98 606 166 666 id
196 620 287 668 est
316 608 662 690 ⁸symbolum
697 605 965 691 appellat
1004 599 1443 692 indissolubilis
1473 598 1636 662 illius
1667 602 1897 663 amoris
1918 648 1940 678 ‚

13 751 15 753 »
72 718 219 792 'quo
268 707 546 768 Christus
580 708 894 768 Ecclesiae
931 730 1073 768 suae
1103 703 1493 789 conjungitur
1522 747 1538 761 .
1568 696 1628 744 8²
1654 703 1940 767 Eundem

97 831 342 871 sensum
366 808 550 869 habet
590 821 917 893 utrumque
940 808 1001 868 in
1029 801 1615 892 Apoc.—XVII.5.7.
1647 804 1746 866 Ibi
1776 806 1939 868 enim

94 932 296 973 sermo
318 924 408 972 est
424 913 498 974 de
515 916 853 975 Meretrice
869 931 1044 995 quae,
1060 921 1126 972 ut
1146 930 1282 971 mos
1299 900 1518 984 erat,83
1535 929 1757 969 nomen
1773 907 1943 970 fron·-

93 1015 137 1077 ti
190 1036 532 1099 appensum
569 1014 859 1097 gerebate,
909 1032 1100 1098 quum
1149 1032 1286 1088 vero
1339 1009 1516 1096 hujus
1551 1032 1777 1073 nomen
1815 1009 1940 1075 non

90 1137 306 1178 verum
340 1114 448 1176 sed
492 1121 773 1201 typicum
804 1127 962 1177 esset
1006 1114 1154 1175 alius
1187 1112 1459 1177 civitatis
1482 1159 1501 1189 ‚
1547 1112 1690 1174 hinc
1718 1124 1941 1198 nomen

89 1210 213 1300 hoc
255 1216 526 1315 μυς-ἣξιον
571 1224 670 1274 seu
716 1217 1060 1302 symbolum
1093 1211 1321 1272 dicitur
1354 1256 1371 1274 .
1415 1211 1579 1287 Hinc
1617 1212 1680 1274 in
1728 1213 1938 1297 priore

88 1317 233 1380 loco
277 1321 527 1406 ponitur
569 1343 683 1405 pro
727 1327 1105 1425 μυς-ηξιωῶης
1134 1368 1157 1407 ,
1203 1333 1272 1384 ut.
1299 1324 1383 1385 sit.
1411 1369 1430 1399 ‚
1461 1345 1686 1386 nomen
1712 1324 1939 1404 mysti-

86 1457 227 1498 cum
257 1478 276 1513 v
306 1435 716 1519 symbolicum
752 1460 768 1491 ²
821 1453 966 1493 nam
1011 1451 1236 1502 nomen
1287 1433 1560 1499 Mulieris
1618 1429 1808 1492 fronti
1839 1430 1939 1492 in-

95 1531 404 1615 ⁸⁶riPt¹²m
432 1545 597 1607 Certe.
634 1528 707 1606 ‘ro'
745 1535 1122 1619 Mysterium
1149 1558 1274 1600 non
1301 1547 1433 1598 erat
1451 1582 1471 1614 .,
1518 1531 1622 1595 sed
1649 1530 1942 1612 Babylon

90 1640 323 1720 Magna
352 1640 508 1718 311oc
540 1640 702 1703 enim
726 1640 930 1702 solum
965 1663 1189 1705 nomen
1222 1651 1349 1702 est.
1374 1639 1541 1701 Haec
1574 1635 1712 1696 ideo
1743 1633 1940 1694 adno-

97 1738 223 1797 tavi
246 1736 414 1820 quod
433 1738 674 1798 videam
703 1739 1201 1802 absurdissimam
1229 1739 1601 1802 calumniam
1624 1736 1686 1795 in
1708 1732 1941 1794 Catho-

55 1916 58 1918 ᾖ
92 1841 279 1902 licam
315 1840 692 1922 Religionem
726 1889 744 1919 ,
777 1847 903 1928 jam
933 1855 1071 1905 ante
1106 1866 1140 1904 a
1167 1845 1413 1909 Iacobo
1446 1841 1503 1919 Ι,
1534 1837 1785 1920 Angliae
1815 1822 1942 1898 Re-'

91 1963 161 2024 ge
184 1991 204 2022 ,
253 1966 286 2003 a
316 1944 680 2011 DoWnlzam
711 1990 732 2021 ,
776 1946 1101 2028 Scaligero
1131 1956 1193 2005 et
1224 1947 1389 2029 Polo
1412 1938 1474 1992 84
1497 1963 1574 2002 ex
1605 1959 1790 2024 prava
1813 1936 1940 1998 hu-

91 2047 185 2126 jus
214 2042 337 2104 loci
365 2043 862 2126 interpretatione
902 2043 1315 2124 excogitatam
1338 2087 1359 2120 ‚
1404 2041 1471 2101 in
1511 2041 1713 2124 Opere
1744 2058 1938 2121 nuper

90 2142 156 2202 in
182 2141 395 2224 Anglia
418 2141 586 2203 edito
612 2187 633 2220 ‚
662 2141 844 2204 fuisse
876 2143 1276 2205 instauratam
1300 2188 1317 2201 .
1354 2135 1421 2183 85
1449 2137 1942 2205 Tamendoctis-

93 2243 233 2304 simi
272 2243 426 2302 inter
464 2243 883 2306 Protestantes
929 2245 1477 2307 Commentatores
1507 2238 1776 2325 ,qualis
1810 2245 1942 2302 cer-

51 2408 58 2413 ,
93 2354 151 2406 te
189 2346 287 2408 Jo.
342 2346 574 2428 Godof.
607 2347 935 2449 Eichhorn
965 2395 986 2429 ‚
1035 2341 1100 2390 86
1156 2369 1378 2413 vocem
1420 2372 1694 2447 μυς-ηςιον
1739 2367 1793 2427 ³.
1825 2366 1943 2405 no-

114 2591 118 2598 ’
181 2591 297 2666 (82)
333 2596 514 2660 EpheS.
551 2598 616 2647 V.
649 2599 733 2648 32.

179 2676 293 2738 (83)
332 2679 406 2726 lta
441 2684 622 2727 Seneca
650 2685 671 2737 (
704 2683 937 2728 Controv·
966 2679 1006 2735 1,
1025 2694 1073 2725 2·
1102 2684 1124 2739 )
1154 2684 1186 2710 “
1223 2678 1409 2729 Stetisti
1438 2678 1606 2743 puella
1634 2681 1686 2728 in
1730 2680 1941 2747 lupana-

76 2759 118 2808 ri
135 2795 148 2807 .
167 2795 179 2807 .
201 2796 214 2807 .
234 2795 247 2806 .
276 2778 448 2811 nomen
475 2771 612 2809 tuum
634 2762 867 2828 pependit
908 2778 939 2808 a
944 2763 1128 2824 fronte
1152 2795 1177 2821 ‚v
1204 2761 1364 2827 pretia
1402 2763 1562 2829 stupri
1607 2764 1870 2829 accepisti.
1905 2799 1938 2826 2,

94 2854 143 2891 et
177 2847 404 2895 Iuvenal.
435 2849 456 2904 (
483 2852 590 2895 Sat.
620 2847 711 2896 Vl.
748 2847 880 2904 123)

312 2935 350 2961 “
365 2931 504 2977 Tunc
533 2929 667 2977 nuda
690 2929 928 2994 papillis,

248 3011 481 3061 Constitit
507 3013 689 3061 auratis
723 3017 923 3062 titulum
950 3019 1150 3064 marita
1179 3015 1408 3081 Lyciscae
1425 3046 1478 3076 .„

92 3090 332 3150 Quamvis
355 3091 492 3141 locus
521 3092 612 3139 iste
636 3091 786 3141 alium
803 3109 995 3142 sensum
1031 3095 1135 3160 pati
1169 3107 1363 3161 posset,
1391 3107 1439 3146 et
1463 3097 1589 3147 sorte
1609 3099 1762 3164 magis
1780 3108 1940 3148 recte·

181 3174 294 3235 (84)
332 3176 398 3225 V.
428 3181 546 3226 Poli
579 3183 794 3244 Synops.
836 3184 1071 3231 Critieor.
1108 3183 1168 3230 Τ
1198 3183 1262 3233 V
1303 3182 1399 3231 col·
1435 3182 1578 3248 1839.
1624 3187 1763 3249 cujus
1784 3185 1937 3236 verba

95 3256 280 3306 Cxitico
309 3272 509 3319 prorsus
543 3257 746 3323 indigna
776 3262 931 3324 pudet
956 3262 1039 3312 hic
1067 3265 1283 3313 referre·
1928 3294 1931 3297 ·

181 3332 295 3407 (85)
334 3338 391 3382 ln
428 3339 660 3402 Jenning
708 3341 896 3390 Jewish
937 3347 1275 3413 Anti-quiaes-
1317 3345 1414 3394 Ed.
1441 3364 1563 3399 nov·
1591 3346 1751 3397 Lond
1793 3344 1935 3394 1823.

92 3424 163 3473 Τ.
185 3423 228 3468 1.
248 3438 296 3484 p.
334 3417 442 3467 185.
1567 3451 1569 3453 ·

187 3504 298 3566 (86)
340 3504 399 3552 1¹1
441 3509 704 3559 Commeat.
739 3511 796 3560 in
819 3511 1788 3582 Apocazyp.Gotting.-17910T0110p.
1821 3513 1932 3563 206.
