2444 4062
1357 204 1442 266 68

462 329 646 378 cent.
697 315 999 399 Exempla
1042 316 1273 399 singula
1322 338 1473 399 quae
1519 314 1702 382 habet
1749 320 2059 384 discutere
2094 370 2112 403 ‚
2162 335 2358 388 con-³

466 429 710 479 textum
746 417 1202 504 verborumque
1236 440 1457 480 nexum
1488 422 1687 483 acrius
1717 424 2083 507 investigare
2110 473 2130 505 .‚
2179 442 2355 490 tuo-²

463 531 668 579 menta
717 517 847 580 aliis
889 540 964 581 ex
999 520 1309 604 capitibus
1355 540 1686 596 congerere
1713 569 1730 597 ‚
1779 522 2038 608 denique
2084 526 2352 612 objecta·

464 635 555 702 exj
586 618 992 706 philosophia
1031 620 1283 698 diluere,
1303 629 1350 679 ¹7
1385 620 1532 683 haec
1569 633 1632 683 et
1672 621 1795 683 alia
1846 625 2205 711 hujusmodi
2234 630 2327 690 vi-

678 773 859 794 m*
865 772 1217 793 mm
1222 773 2112 797 mmmmm

550 872 665 935 (17)
703 867 787 914 Ad
817 865 1153 924 difficultates,
1170 883 1291 929 quae
1322 884 1380 913 ex
1408 864 1723 932 philosophia
1750 868 1988 927 oriuntur,
2007 868 2144 920 nullo
2169 879 2317 936 paeto

463 948 651 997 recurri
670 956 850 1013 potest,
868 958 922 996 ut
952 949 1217 997 verborum
1238 948 1326 996 sub
1356 947 1445 995 lite
1472 948 1748 1012 positorum
1769 966 1934 998 sensus
1952 957 2180 1000 eruatur.
2207 936 2336 1001 Rani

464 1028 691 1079 Christus
713 1047 960 1096 nunquam
982 1033 1223 1095 potuisset
1258 1032 1408 1081 verba
1439 1031 1655 1078 maxime
1676 1031 1812 1079 clara
1841 1033 2111 1090 adhibere,
2132 1031 2198 1083 ad
2225 1040 2338 1084 sen·
2375 1095 2377 1098 Α

463 1127 572 1159 sum
599 1110 864 1176 figuratum
893 1114 1202 1163 deflectenda
1221 1133 1279 1163 ex
1297 1115 1548 1179 principio
1572 1115 1712 1178 quod
1743 1115 1793 1160 in
1823 1115 2339 1179 Apostolorummen-

465 1204 565 1242 tem
601 1212 847 1260 nunquam
885 1198 963 1247 vel
993 1216 1107 1247 casu
1135 1198 1371 1248 oberrare
1397 1209 1627 1262 poterat5
1670 1209 1723 1245 ut
1755 1197 1934 1251 clarius
1960 1199 2173 1263 loquar,
2210 1217 2340 1251 nnn·

466 1293 614 1341 quam
641 1283 945 1344 protulisset
969 1282 1114 1329 ver-ba
1136 1298 1262 1349 quae
1282 1285 1336 1329 in
1353 1298 1572 1330 errorem
1600 1286 1885 1331 necessario
1916 1284 2229 1342 induc-emat
2243 1288 2341 1334 ni·

468 1367 525 1410 εἰ
541 1367 911 1435 explicarentur·
929 1383 1017 1432 ope
1038 1368 1490 1433 criteri13q110,ad
1519 1365 1629 1429 ejus
1659 1368 1803 1415 verba
1818 1369 2139 1432 explicanda,
2156 1365 2250 1418 illd
2281 1371 2352 1416 in

468 1454 590 1492 casu
614 1464 711 1495 non
729 1453 819 1530 aet
811 1451 1102 1512 ’.[ιιίεεεηί

558 1527 726 1574 Porro‘
729 1499 969 1593 Apostoli
995 1529 1259 1579 credebant
1289 1533 1454 1580 Jesum
1485 1529 1671 1578 Filium
1697 1530 1787 1578 Dei
1806 1529 2198 1594 ,omnipotentia
2224 1529 2354 1596 pol·

467 1605 679 1663 lentem,
719 1606 852 1672 leges
881 1618 1087 1657 naturae
1120 1609 1215 1658 sibi
1251 1610 1494 1672 subjectas
1521 1608 1784 1658 habentem
1800 1616 1856 1671 ,(
1889 1609 2333 1674 uat.V111,26.

474 1691 550 1738 Lu
587 1690 675 1738 1V.
712 1691 791 1741 36.
829 1693 973 1749 Vlll,
1004 1692 1125 1752 25.)
1161 1693 1487 1741 substantiam
1516 1707 1663 1740 unam
1694 1692 1747 1740 in
1776 1692 1926 1740 aliam
1950 1709 2038 1740 suo
2062 1701 2187 1739 nutu
2220 1706 2341 1755 per-

472 1783 665 1820 mutare
684 1773 926 1824 valentem
945 1797 959 1833 ;
979 1777 1094 1837 (Jo.
1126 1778 1194 1825 11.
1213 1782 1237 1837 )
1270 1773 1496 1824 viderant
1517 1776 1658 1838 aquis
1681 1773 2206 1842 superambulantem,(
2219 1775 2342 1822 Mat.

472 1857 616 1905 XIV·
643 1861 760 1906 Mar.
789 1858 881 1917 Vl,
914 1862 938 1907 J
947 1878 994 1906 ο.
1012 1861 1145 1919 Vl.)
1176 1871 1224 1909 et
1253 1877 1403 1925 quum
1423 1873 1611 1923 ‘corpus
1634 1859 1837 1906 haber-ee
1854 1875 2016 1907 verum
2032 1893 2048 1916 ,
2072 1867 2245 1924 postea
2266 1861 2341 1905 νὶ-

474 1940 658 1987 der-unt
691 1944 893 1989 clausas
910 1944 1105 2004 januas
1137 1951 1458 2005 permeantem
1477 1970 1492 1984 ·
1535 1937 1555 2009 (
1579 1939 1660 1985 Jo·
1680 1939 1791 1996 XX,
1823 1939 1886 1986 26
1915 1934 1971 2007 )·
2004 1940 2132 1988 Cum
2166 1930 2344 2002 hujus-

409 2016 414 2022 ’
474 2020 611 2068 modi
657 2019 803 2077 viris,
831 2019 1135 2083 potuissetne
1171 2022 1311 2067 Jesus
1347 2020 1417 2066 ita
1468 2017 1650 2082 loqui,
1690 2028 1744 2065 ut
1777 2036 1922 2068 verus
1948 2017 2347 2068 sensus.suorhm

477 2104 746 2151 verborum
776 2120 833 2150 ex
860 2121 918 2151 eo
956 2102 1199 2169 penderet
1217 2138 1232 2161 ,
1270 2103 1404 2166 quod
1434 2100 1743 2167 impossibile
1765 2102 1888 2167 quid
1907 2121 1933 2149 a
1953 2119 2003 2150 se
2030 2101 2215 2151 factum
2232 2116 2348 2167 nap-

482 2195 616 2232 raret
638 2170 689 2232 ,Γ

565 2267 663 2314 Sed
698 2277 745 2315 et
781 2266 931 2330 hujus
966 2265 1085 2315 fidei
1138 2265 1335 2314 roboris
1379 2265 1654 2330 exemplum
1708 2264 2017 2313 manifestum
2069 2263 2346 2315 hahemus·-

476 2348 702 2410 Christus
742 2350 870 2398 enim
914 2350 1012 2398 hoc
1051 2367 1108 2398 ex
1147 2350 1310 2414 capite
1351 2366 1493 2400 veros
1537 2367 1564 2397 a
1601 2348 1738 2397 salsis
1788 2347 2044 2414 discipulis
2082 2347 2342 2406 discrevit,

481 2432 615 2494 quod
641 2437 730 2481 isti
768 2449 875 2480 eum
914 2431 1203 2496 reliquerint
1231 2433 1294 2481 ob
1327 2442 1657 2498 apparentem
1696 2431 2147 2497 impossibilitatem
2173 2421 2353 2481 eorum.

483 2531 605 2577 quae
634 2514 987 2580 promittebat,
1017 2523 1037 2576 (
1070 2519 1147 2564 Jo·
1186 2517 1276 2565 Vl.
1316 2519 1398 2573 42,
1430 2516 1511 2573 53,
1544 2515 1605 2563 61
1625 2551 1640 2574 ,
1669 2515 1798 2582 67.)
1834 2518 1918 2563 ιἸΙι·
1946 2531 2060 2563 vero
2089 2532 2115 2562 e
2145 2510 2343 2570 contra,

482 2614 630 2662 quum
669 2615 766 2644 non
804 2586 961 2647 minus
991 2599 1315 2663 repugnantia
1350 2618 1403 2647 ea
1443 2609 1725 2664 putarent,
1766 2609 1927 2645 tamen
1967 2597 2143 2646 clausis
2189 2594 2346 2645 oeulis

480 2673 575 2740 ipsi
606 2677 790 2725 sincere
819 2694 870 2728 se
896 2677 1242 2736 submiserint,
1275 2678 1388 2742 quia
1412 2677 1570 2753 ipsum
1596 2677 1827 2725 falsitatis
1858 2689 1906 2726 et
1934 2670 2156 2728 fraudis
2142 2691 2349 2741 meopa-

485 2756 588 2805 c‘em
616 2758 873 2815 noverint,
905 2768 953 2829 et
985 2774 1155 2807 verum
1186 2760 1275 2805 Dei
1307 2758 1487 2805 Filium
1525 2756 1738 2805 firmiter
1768 2759 2058 2807 crederent.
2108 2766 2131 2820 (
2158 2757 2234 2806 lb·
2264 2758 2348 2819 69·

487 2840 588 2921 7⁸⁸0)
620 2838 751 2889 Post
760 2837 858 2889 hoc
875 2853 974 2889 tam
995 2840 1180 2889 clarum
1198 2840 1574 2897 documentum,
1593 2858 1620 2887 a
1645 2839 1844 2889 Christo
1877 2858 2004 2907 appi
2006 2840 2223 2899 ebatum
2239 2837 2342 2898 (lb.

486 2937 541 2993 71
578 2932 597 2986 )
634 2923 907 2989 implicitae
943 2922 1059 2971 fidei
1098 2921 1451 2986 Apostolorum
1484 2923 1656 2970 etiam·
1650 2925 1712 2971 ·in
1742 2923 1888 2970 rebus
1917 2933 2211 2989 apparenter
2243 2921 2354 2968 im·-

482 3002 835 3088 possibilibus,
863 3007 1007 3054 modo
1039 3006 1256 3070 Magistri
1290 3023 1375 3053 ore
1402 3006 1754 3070 pronunciatae
1778 3006 1990 3066 suerint,
2008 3005 2239 3070 quisnam
2266 3001 2349 3052 vel

489 3083 722 3176 sispicari
754 3088 947 3151 poterit,
969 3087 1123 3151 ipsum
1155 3085 1415 3150 protulisse
1431 3104 1515 3135 vei
1520 3089 1578 3136 ba
1583 3071 2069 3152 ‚quaeintelligenda
2087 3089 2186 3136 non
2206 3094 2348 3135 eraut

484 3164 579 3218 nisi
609 3189 669 3218 ex
707 3169 967 3260 supposita
996 3166 1396 3232 impossibilitate
1429 3185 1593 3216 eorum
1621 3185 1743 3232 quae
1774 3165 1976 3216 dicebat
2004 3171 2018 3216 l

496 3247 513 3273 i
577 3250 724 3311 Quod
759 3249 797 3296 si
836 3248 1066 3297 Christus
1113 3247 1272 3295 verba
1314 3264 1398 3295 sua
1426 3247 1518 3297 hac
1555 3246 2018 3313 lege‘intelligenda
2047 3283 2063 3306 ,
2101 3242 2357 3311 Apostoli·-

492 3332 686 3381 tradere
703 3331 809 3378 -n'on
845 3329 1118 3393 potuisset,
1154 3343 1312 3391 neque
1339 3329 1485 3376 nobis
1508 3327 1625 3377 licet
1651 3330 1970 3395 ipsaseadem
1988 3328 2359 3394 legeinterpre·

490 3416 618 3473 tnri5
656 3430 768 3463 nam
791 3413 894 3461 jue
920 3429 1086 3463 sensus
1128 3422 1202 3463 est
1235 3411 1534 3475 verborum,
1566 3430 1664 3479 quo
1704 3412 1926 3470 (hristus
1963 3430 2021 3463 en
2055 3400 2268 3479 iutelliffi
2291 3410 2358 3462 nb

493 3497 747 3564 Apostolis
775 3495 964 3550 voluit.
