2444 4062
985 157 1072 218 92'

188 255 416 321 Deinde
470 254 661 337 magis
712 251 1031 337 diligenter
1081 277 1156 318 ex
1206 256 1446 316 Graeco
1507 250 1571 312 in
1625 252 1943 335 Syriacum

98 360 457 423 translatum
485 370 577 421 est
619 356 642 438 (
667 357 823 420 Nou.
865 359 936 419 T.
964 358 986 438 )
1020 355 1284 420 secundo
1308 399 1327 430 ‚
1363 355 1422 414 in
1453 352 1625 414 Urbe
1653 357 1891 438 Mabug
1919 404 1940 434 ‚

97 461 307 521 diebus
340 457 631 540 Religiosi
675 452 723 498 ¹⁸
776 457 1134 519 Philoxeni
1157 482 1174 532 ς
1211 466 1271 514 et
1318 453 1682 514 recensitum
1714 454 1900 512 tertio
1922 494 1944 525 ,

95 561 500 625 Alexandriae
526 606 544 636 ‚
591 580 770 643 opera
803 556 1085 640 Religiosi
1138 557 1410 620 Thomae
1455 553 1829 616 Harklensis
1884 551 1949 611 in

95 664 411 728 Coenobio
463 675 676 724 saneto
725 662 1234 724 Antonianorum
1265 702 1281 719 .

183 769 641 829 Testamentum
689 784 835 826 vero
885 764 1078 824 Vetus
1130 758 1707 845 Septuagintavirale
1757 760 1942 820 Pau-

96 870 199 931 lus
246 869 594 953 Episcopus
633 865 834 928 Tellae
870 865 1232 930 Mauzaletlz
1257 911 1276 942 ,
1320 886 1398 926 ex
1444 865 1681 924 Graeco
1721 861 1783 923 in
1820 861 1947 947 ¹>Sy-

104 969 337 1029 riacum
384 964 724 1027 transtulit.
760 1011 803 1041 ‚‚

192 1069 420 1129 Totum
452 1066 573 1128 hoc
596 1065 992 1133 Prooemium
1016 1111 1035 1139 ‚
1072 1074 1541 1124 monumentum
1579 1081 1698 1144 pro
1729 1059 1945 1121 Histo-

97 1170 184 1230 ria
230 1170 594 1231 Versionum
627 1169 1011 1252 Syriacarum
1057 1167 1230 1250 longe
1261 1165 1779 1248 pretiosissimum
1802 1209 1822 1238 .‚
1851 1163 1946 1224 in·-

101 1280 332 1349 tegrum
380 1268 525 1329 dare
562 1290 777 1351 operae
821 1270 1084 1351 pretium
1134 1267 1323 1328 duxi:
1355 1279 1486 1325 tum
1523 1264 1660 1347 quia
1685 1310 1704 1341 .,
1751 1274 1819 1323 ut
1851 1282 1951 1323 su-

105 1391 217 1452 ppa
292 1369 462 1430 innui
508 1415 528 1445 ‚
593 1381 826 1430 tantum
881 1391 993 1451 per
1048 1380 1254 1452 partes
1313 1366 1390 1428 ab
1436 1367 1569 1429 aliis
1634 1363 1950 1448 prolatum

99 1469 327 1546 fuerit,
373 1471 456 1531 ita
526 1482 593 1531 ut
638 1491 786 1553 quae
844 1470 1177 1530 Assemani
1222 1469 1434 1528 Latine
1490 1478 1549 1527 et
1602 1465 1770 1548 quasi
1806 1483 1947 1523 nar-

99 1568 291 1631 rando
336 1570 607 1655 proferat
664 1617 682 1646 ,
742 1592 812 1630 ea
859 1571 1106 1654 Syriaco
1165 1590 1448 1631 sermone
1504 1567 1671 1652 apud
1723 1568 1940 1628 Brun-

99 1678 261 1735 sium
293 1673 627 1756 quaerenda
646 1720 665 1750 ,
693 1682 744 1729 ¹9
769 1693 876 1733 nec
906 1674 1032 1757 ipse
1057 1671 1390 1736 Assemani
1418 1671 1623 1732 omnia
1649 1691 1801 1754 quae
1828 1666 1943 1726 ha·-

99 1775 207 1838 bet
257 1797 377 1838 uno
425 1776 489 1837 in
535 1776 681 1839 loco
735 1788 967 1862 ponatr,
1017 1784 1082 1818 20
1123 1789 1254 1838 tum
1298 1774 1440 1859 quia
1490 1775 1639 1836 haec
1687 1771 1952 1857 disjecta·

315 1949 1028 1971 mmmmm
1037 1944 1745 1970 mmmm

183 2115 236 2167 (ι
249 2109 300 2168 8)
339 2109 533 2157 Titulus
561 2068 706 2167 1:21
743 2126 884 2172 quem
917 2111 1218 2170 Religiosum
1245 2106 1427 2172 passim
1454 2103 1623 2153 reddit
1651 2106 1914 2155 Ass-emani
1929 2138 1949 2163 ‚

101 2207 235 2270 apud
263 2207 406 2270 Syros
451 2207 796 2270 Episcoporum
840 2207 1119 2255 nominibus
1167 2204 1456 2270 praefigitur
1493 2214 1547 2251 ut
1582 2202 1669 2251 ille
1705 2208 1954 2252 Reveren-

98 2288 298 2337 dissimi
339 2289 466 2335 inter
498 2306 584 2336 nos
607 2322 620 2335 .
664 2290 853 2348 (conf.
889 2290 1003 2340 Bib.
1039 2294 1129 2338 Or.
1158 2290 1216 2336 T.
1256 2288 1296 2334 1.
1335 2303 1425 2350 pp.
1465 2285 1596 2344 428,
1634 2284 1750 2351 475.
1788 2294 1836 2332 et
1865 2283 1954 2331 ali-

100 2423 151 2471 bi
177 2422 381 2489 passim.
412 2430 433 2483 >
472 2426 547 2471 lta
589 2435 636 2471 et
665 2424 783 2489 ipsis
811 2423 1091 2488 applicatur
1120 2420 1292 2470 titulus
1325 2379 1535 2473 115ng
1567 2422 1591 2479 (
1619 2417 1696 2467 lb.
1732 2431 1784 2480 p-
1826 2418 1956 2487 287,

96 2581 215 2622 nota
269 2580 352 2633 ι.)
390 2575 802 2635 quemadmodum
853 2572 1132 2633 Abbatibus
1176 2571 1262 2620 ille
1297 2529 1545 2643 Ιῖοὲῖωέἶα(
1571 2570 1651 2621 lh.
1685 2587 1735 2635 p.
1780 2562 1953 2636 283.)

105 2714 385 2780 Aliquando
434 2737 551 2770 vero
596 2739 690 2772 vox
717 2680 866 2778 lgm:
895 2737 1010 2769 vere
1045 2720 1314 2769 sanctitatis
1340 2720 1591 2769 notionem
1627 2717 1788 2782 gerit,
1826 2711 1955 2764 aliis-

108 2825 201 2872 que
232 2823 428 2876 praeter
472 2817 738 2881 Episcopos
775 2816 1050 2864 tribuitur.
1086 2817 1208 2899 (cf.
1246 2817 1312 2863 ib.
1349 2834 1405 2880 p.
1438 2812 1596 2885 302.)

194 2888 244 2958 (ι
261 2886 314 2960 9)
353 2892 578 2958 Exempli
623 2912 697 2958 gr.
735 2912 861 2958 quae
899 2896 960 2943 de
999 2900 1168 2945 Paulo
1212 2900 1403 2946 Telensi
1443 2896 1601 2944 tradit
1644 2896 1958 2946 Bar-hebrae-

106 2966 202 3026 nis,
238 2971 435 3033 Syriace
474 2974 686 3035 primum
720 2974 920 3037 prolata
956 2974 1152 3022 suerunt
1181 2993 1237 3023 ex
1274 2976 1394 3024 Cod.
1434 2976 1698 3024 Bodleiano
1733 2995 1758 3023 a
1795 2982 1960 3024 Brun·

103 3051 181 3096 sio
209 3048 261 3095 in
283 3052 580 3101 Eickhomii
601 3057 933 3118 Repertorium
966 3065 1059 3102 etc.
1087 3057 1148 3102 T.
1178 3056 1321 3104 VIII.
1346 3072 1401 3119 p.
1428 3055 1505 3102 88.
1523 3056 1604 3107 cf.
1633 3062 1881 3121 Bagatum
1906 3055 1959 3102 in

109 3130 273 3177 Praef.
309 3130 376 3178 ad
402 3136 655 3183 Danielem
682 3136 949 3186 secundnm
974 3138 1114 3186 Edit.
1146 3141 1303 3189 LXX.
1331 3141 1453 3187 Intt.
1486 3138 1687 3187 Mediol.
1725 3137 1871 3204 1788.
1895 3135 1958 3185 N..

109 3210 226 3257 XII.
267 3226 322 3274 p.
367 3210 534 3260 xvu.
1292 3264 1299 3270 ,

197 3295 310 3351 (20)
347 3291 578 3355 Scilicet,
613 3293 823 3360 primam
865 3307 1056 3363 partem
1093 3297 1152 3346 Τ.
1199 3297 1267 3346 11.
1296 3313 1351 3364 p.
1385 3310 1521 3363 279,
1554 3294 1813 3345 secundam
1862 3308 1953 3344 ve·-

115 3386 171 3418 ro
204 3383 255 3434 p.
296 3374 376 3429 24.

1434 3456 1475 3491 ἡ
