2444 4062
154 274 238 338 Et
279 271 340 336 vi
373 271 634 359 Spiritus
672 274 795 337 Tui
826 283 1124 336 steterunt
1166 271 1231 332 in
1259 269 1493 353 abyssis
1543 270 1769 336 maria.

157 377 494 441 Hominem
523 383 700 465 juxta
724 379 1049 464 pulchram
1084 375 1416 461 majestatis
1445 373 1610 435 Tuae
1643 373 1921 439 animan'i

67 485 384 568 figurasti,
419 522 421 524 -

108 583 112 588 ’
151 589 420 673 Ejusque
444 585 716 648 animam
744 585 1059 648 intellectu
1085 580 1294 645 lucido
1326 579 1744 644 corroborasti
1765 608 1779 639 ε
1799 577 1929 661 (Ῑιι-
2010 604 2015 613 ’

65 700 325 751 ventute
359 688 691 769 donasti.)

155 789 486 874 Praecipue
518 812 728 853 eorum
764 836 783 866 ‚
819 790 925 875 qui
965 787 1211 874 scriptis
1236 787 1472 857 Divinis
1518 786 1754 870 seipsos
1801 785 1918 847 de-

69 887 357 950 dicarunt
382 936 402 969 ,

152 989 626 1076 Intellectusque
670 1003 945 1074 aegrotos
995 990 1294 1052 doctrinis
1349 990 1474 1051 suis
1530 987 1918 1050 mirabilibus

78 1106 368 1155 sanarunt
396 1138 413 1154 .

155 1193 253 1252 Ex
298 1213 562 1276 qnorum
604 1213 794 1277 quum
837 1191 1115 1254 nonnulli
1146 1192 1466 1254 sententias
1514 1189 1919 1275 (exegesin)

70 1291 440 1373 protulerint
470 1337 491 1368 ,

166 1393 460 1454 Nonnulli
491 1439 508 1471 ‚
561 1414 701 1455 vero
727 1440 746 1469 ‚
777 1393 964 1455 verba
990 1392 1256 1474 (critice
1281 1394 1306 1478 )
1340 1394 1717 1457 correxerint
1739 1419 1761 1472 ς

154 1493 278 1556 Alii
308 1495 599 1557 historias
640 1498 1128 1580 conscripserint
1154 1543 1171 1571 ‚

151 1592 303 1672 Alii,
333 1615 483 1656 vero
506 1641 524 1673 .,
547 1597 772 1658 Lexica
825 1588 871 1638 ¹3
904 1598 1274 1658 concinnare
1314 1594 1753 1681 praemla-intr,

154 1692 328 1754 Utile
371 1694 579 1754 visum
626 1709 720 1758 est
769 1696 958 1756 etiam
991 1697 1185 1773 mihi,
1232 1698 1283 1759 si
1313 1699 1430 1758 hoc
1457 1695 1670 1758 labore
1714 1705 1776 1754 et
1812 1714 1918 1754 oc·-

69 1791 405 1875 cupatione
429 1837 461 1869 ‚⁴
486 1815 691 1855 semen

152 1880 677 1965 Interpretationis
737 1885 1092 1965 omnigenae
1141 1885 1333 1946 totius
1398 1884 1750 1967 Scripturae
1782 1926 1804 1960 ‚
1852 1880 1917 1939 in

72 1979 212 2042 solo

89 2146 94 2150 ‚
141 2079 348 2165 Hujus
379 2078 571 2141 libelli
604 2080 856 2143 coluero
890 2127 909 2160 ‚
956 2081 1007 2133 ¹4

152 2182 540 2267 Lucrumque
566 2205 928 2266 permanens
957 2182 1113 2246 mihi
1140 2181 1387 2268 aliisque
1423 2202 1870 2268 comparavero
1896 2223 1913 2242 .

284 2348 1354 2376 mmmmmm
1365 2351 1715 2371 mssm

71 2465 170 2531 36.)
191 2471 239 2510 et
266 2463 319 2510 in
347 2480 486 2515 sensu
522 2469 809 2517 attrahendi
848 2468 1235 2516 manifestissime
1264 2467 1338 2515 bis
1380 2476 1645 2532 usurpatur
1674 2482 1700 2511 a
1733 2471 1923 2513 Ioanne

61 2548 316 2595 Darensi·
356 2556 378 2607 (
406 2552 482 2596 De
514 2561 781 2598 resurrect.
827 2563 1064 2602 mortuor.
1113 2570 1189 2615 ap.
1239 2553 1493 2600 Abraham
1544 2550 1913 2598 Ecchellensem

66 2629 130 2675 ad
159 2630 360 2694 Hebedj·
393 2637 506 2680 Cat·
544 2635 725 2681 Romae
758 2633 901 2691 1655,
936 2653 987 2700 p,
1024 2644 1176 2703 171.)
1206 2633 1473 2682 Alterum
1459 2651 1511 2680 m
1540 2649 1661 2683 voce
1689 2630 1915 2695 passiva,

67 2724 94 2754 a
113 2711 425 2761 Barbahlulo
458 2714 767 2776 aequivalens
785 2718 988 2781 ponitur
1006 2719 1218 2767 Arabico
1245 2722 1452 2780 unx-§.t
1464 2735 1559 2783 pro
1589 2733 1684 2779 quo
1709 2705 1915 2778 ψιλῷ-5

60 2792 387 2856 probabiliter
410 2794 721 2859 legendum,
758 2802 889 2863 quod
918 2804 1107 2864 pariter
1147 2802 1389 2867 significat
1417 2810 1663 2851 attractus
1696 2809 1803 2856 est,
1843 2797 1913 2845 sic

61 2871 191 2920 enirn
210 2889 355 2921 voces
401 2874 524 2921 istae
569 2877 729 2924 affines
773 2879 949 2927 melius
1002 2880 1128 2929 inter
1156 2898 1207 2930 se
1255 2882 1567 2931 consentiunt
1596 2910 1612 2927 0

155 3009 267 3067 (13)
302 2969 552 3061 εἰη-Ἀῶ
581 3011 801 3062 Verbum
839 3033 896 3063 ex
927 3035 1046 3067 voce
1071 3021 1297 3068 Gxaeco-
1318 3018 1514 3085 Syriaca
1545 2976 1906 3097 Kal-mgna?-

64 3105 270 3153 effictum
288 3139 304 3162 ‚
329 3106 516 3155 Lexicis
553 3106 912 3157 restituendum
932 3142 947 3158 .

158 3245 269 3300 (14)
292 3211 421 3295 &32⁷³
447 3245 597 3296 verbo
619 3213 862 3311 gl'quod
899 3248 1203 3307 desideratur
1237 3252 1290 3302 in
1317 3257 1465 3307 Lexx·
1495 3253 1675 3305 collato
1709 3245 1902 3298 nominc

62 3347 187 3448 '2:17
199 3397 448 3461 agricola.
