2444 4062
698 272 699 275 Ἴ
1035 193 1108 257 13

151 335 340 377 nexus
383 312 458 374 ab
509 310 950 396 antiquioribus
984 311 1234 379 criticis
1261 309 1536 371 adhunc
1566 334 1673 373 seu
1717 314 1796 376 ad
1837 317 1965 379 He·-
2051 339 2059 349 ³

150 417 486 478 braismum
531 416 879 478 remandata
926 429 1065 477 sunt
1094 462 1113 493 ,
1162 434 1310 499 quae
1331 426 1539 475 tamen
1568 418 1970 483 recentiorum

151 515 392 577 solertia
435 529 497 576 et
534 516 842 597 diligentia
886 516 1053 600 apud
1088 515 1356 599 optimae
1408 525 1586 573 uotae
1635 514 1971 598 Scriptores

152 616 510 678 invenerunt
549 621 562 677 !
619 611 645 658 3
698 617 882 692 Quod
928 621 979 678 si
1029 639 1165 679 vere
1201 616 1444 699 scripsit
1500 616 1786 700 Kypkius
1832 619 1975 680 “in

154 718 318 779 Novi
371 717 632 779 foederis
690 717 962 793 tabulis,
1015 717 1237 778 multas
1278 715 1591 800 peperisse
1651 717 1979 800 peregrini-

153 824 349 877 tatum
395 818 811 878 accusationes
845 863 864 892 ‚
921 819 1159 891 Graeci.
1178 814 1475 875 sermonis
1511 815 1893 898 imperitiam
1926 818 1978 892 ,ᾖ

152 911 184 965 4
221 938 546 999 possumus
595 919 780 979 etiam
828 917 1044 977 addere
1082 914 1666 984 non.semel.2errasse
1711 918 1978 999 ejusmo-

156 1018 222 1079 di
287 1019 564 1080 criticos*
623 1020 840 1102 quibus
893 1020 1172 1080 Horneus
1222 1015 1632 1079 accensendus
1676 1062 1697 1092 ‚
1745 1015 1978 1096 linguae

157 1121 498 1183 Aramaeae
542 1123 828 1200 inscitiae,
877 1134 1167 1205 quatenus
1197 1120 1432 1182 scilicet
1481 1118 1736 1180 vocibus
1774 1130 1836 1179 et
1880 1117 1982 1178 di-

157 1225 329 1286 cendi
389 1226 592 1286 modis
642 1226 796 1286 inter
845 1224 1175 1287 Orientales
1226 1226 1356 1286 vim
1422 1223 1754 1306 affigerint,¹
1796 1243 1981 1307 qnam

156 1328 410 1395 omnino
439 1349 560 1387 non
601 1328 912 1410 patiuntur
941 1371 957 1392 .
1055 1330 1057 1332 ’
1447 1403 1450 1405 ‚

250 1430 418 1505 Quae
447 1452 641 1512 quum
674 1433 753 1492 ita
789 1432 912 1492 sint
940 1477 958 1506 ,
1006 1432 1054 1491 si
1085 1430 1146 1490 in
1188 1429 1344 1491 locis
1380 1430 1456 1492 de
1481 1428 1699 1514 quibus
1726 1429 1981 1512 agimuS,

160 1526 426 1589 solidum
459 1529 536 1587 sit
590 1529 923 1590 adversarii
978 1542 1400 1612 argumentum
1431 1575 1453 1604 ‚
1497 1529 1695 1589 videat
1723 1574 1742 1606 .,
1774 1551 1848 1589 ne
1873 1555 1895 1603 ·‚
1918 1529 1987 1589 in

146 1629 304 1689 aliis
348 1628 813 1710 interpretandis
831 1674 856 1704 -7
891 1625 1008 1690 sibi
1031 1675 1048 1704 ‚
1098 1642 1163 1689 ut
1197 1634 1403 1713 ajunt,
1449 1647 1698 1690 crucem
1723 1648 1984 1710 parave-

156 1725 236 1787 rit
266 1771 281 1786 .
331 1728 468 1787 Hoc
501 1734 625 1810 jam
676 1729 911 1810 saepius
939 1751 972 1788 a
1005 1727 1472 1797 Catholicorum
1505 1723 1978 1809 propugnatori-

155 1970 208 2017 in
236 1973 290 2018 T.
327 1989 371 2017 1·
396 1973 699 2033 Scriptorum
733 1969 796 2016 de
840 1973 903 2015 Re
927 1987 1032 2015 rus.
1073 1955 1268 2015 venet}
1298 1967 1441 2032 1783·
1479 1983 1528 2030 p.
1567 1972 1680 2024 xo.)
1710 1966 1809 2014 Sed
1837 1983 1895 2014 ex
1928 1984 1986 2015 eo

155 2048 286 2111 quod
321 2047 479 2095 Latini
504 2064 600 2094 non
627 2051 788 2092 minus
816 2062 960 2111 quam
996 2047 1238 2104 Hebraei,
1275 2063 1421 2094 naves
1460 2046 1710 2093 ambulare
1737 2065 1828 2111 per
1854 2062 1989 2098 mare

157 2131 322 2178 dicant
338 2167 354 2190 ,
382 2145 521 2176 nemo
562 2128 764 2175 eandem
803 2128 1005 2192 phrasin
1034 2130 1098 2176 ad
1135 2146 1218 2176 eos
1244 2135 1332 2195 qui
1358 2132 1608 2179 velamem·
1625 2165 1641 2189 ‚
1679 2132 1990 2193 transferret3

154 2213 283 2260 unde
306 2211 514 2258 maxime
530 2212 796 2274 emphatice
827 2211 1045 2274 loquitur
1072 2212 1135 2258 de
1163 2213 1329 2258 Xerxe
1355 2211 1551 2259 Tullius
1580 2213 1746 2261 dicens
1761 2222 1797 2247 ‘⁶
1821 2220 1994 2265 Maria,

151 2294 436 2349 ambulavit,
458 2305 633 2340 terram
663 2291 943 2356 navigavit,
968 2328 1003 2353 ,‚
1040 2293 1258 2358 quamvis
1302 2295 1364 2342 de
1408 2295 1727 2363 Hellesponto
1759 2296 1992 2362 pontibus

157 2375 360 2437 trajecto
395 2373 491 2422 hoc
528 2373 659 2422 dicat
684 2408 695 2419 .
726 2393 730 2397 ¹
1246 2412 1254 2417 ,
1979 2404 1983 2408 ·

240 2451 320 2526 (3)
355 2454 550 2502 Scilicet
587 2459 730 2504 Bosic'
755 2491 770 2513 ,
814 2457 982 2514 Wolfil‘
1013 2491 1030 2513 ‚
1087 2461 1361 2506 Wetsteinii
1388 2492 1402 2514 ,
1449 2459 1680 2520 Raphelii
1707 2490 1722 2514 ‚
1761 2461 1943 2524 Kypkii
1974 2480 1994 2517 ’,-

151 2540 355 2588 Elsnen'
373 2548 464 2586 etc.
483 2539 550 2586 Ut
580 2554 727 2585 unum
746 2541 1015 2602 exemplum
1039 2539 1281 2591 adducam
1300 2561 1315 2596 3
1355 2545 1588 2590 Vorstius
1613 2540 1675 2586 de
1695 2556 1815 2588 voce
1840 2534 1965 2611 ξηροὶ
1983 2560 2011 2601 ·,

155 2624 206 2673 in
235 2626 352 2672 Mat.
395 2627 584 2673 xxm.
620 2623 704 2675 15.
748 2625 936 2684 obvia„
971 2625 1242 2684 disserens,
1282 2629 1347 2675 ad
1385 2629 1721 2676 Hebraismum
1764 2627 2002 2676 recurrit·

154 2707 353 2756 “Libuit
377 2705 611 2772 Scriptori
649 2708 795 2754 Sacro
826 2723 996 2754 vocem
1013 2703 1167 2778 ξηρρέν
1197 2724 1459 2773 usurpare,
1480 2711 1620 2774 eique
1646 2725 1819 2758 novam
1847 2707 2002 2771 signi...

158 2794 431 2845 ficationem
459 2797 736 2860 imponere.
767 2788 970 2844 Factum
1011 2806 1168 2843 autem
1210 2806 1285 2844 est
1320 2795 1456 2845 illud
1496 2804 1700 2861 propter
1734 2795 2000 2846 Hebraeum

160 2894 334 2928 vocem
378 2888 563 2938 flvn‘·
595 2912 631 2936 „
666 2878 1025 2941 concluditque
1066 2893 1165 2924 non
1207 2875 1358 2926 licere
1387 2894 1555 2926 vocem
1597 2895 1654 2925 eo
1692 2892 1829 2924 sensu
1866 2875 2002 2940 apud.

161 2965 372 3013 Graecos
418 2961 818 3025 deprehendere.
868 2959 1150 3030 (Johannis
1198 2965 1391 3011 Vorstii
1413 2962 1478 3009 de
1510 2962 1798 3010 Hebraismo
1833 2964 1898 3010 N.
1941 2957 2001 3009 Y.

168 3044 579 3090 Commentarius.
613 3039 814 3087 Amstel.
844 3038 983 3087 1665.
1006 3041 1065 3086 Τ.
1095 3059 1136 3087 1·
1162 3042 1218 3090 C'.
1249 3041 1317 3088 11.
1342 3057 1391 3104 p.
1425 3035 1513 3108 20)
1533 3042 1680 3099 Quod
1695 3041 1732 3086 si
1763 3042 2009 3106 Kypkium

163 3120 532 3186 consulas(Op.
561 3139 669 3173 mox
707 3113 966 3170 citand.T·
1003 3139 1046 3167 1.
1076 3138 1129 3185 p·
1162 3117 1312 3189 i14.)
1342 3121 1614 3186 exemplum
1645 3121 1856 3169 invenies
1875 3123 2003 3182 ejus-

167 3200 279 3249 dem
307 3204 440 3251 vocis
476 3204 650 3253 eodem
677 3220 818 3252 sensu
853 3214 1111 3268 usurpatae
1150 3222 1176 3253 a
1201 3204 1438 3253 Strabone
1461 3240 1477 3262 ,
1523 3214 1575 3250 ut
1603 3214 1649 3250 et
1692 3202 1829 3251 aliud
1848 3197 2004 3255 ,valdo

163 3280 427 3346 analogum
451 3313 466 3329 .
967 3347 969 3349 ¹
1468 3319 1471 3322 ⁴

214 3388 216 3391 ’
257 3370 335 3424 (4)
377 3368 577 3430 Georgii
595 3371 712 3415 Dav.
732 3368 896 3433 Kypke
922 3368 1299 3417 Observationes
1324 3374 1512 3421 Sacrae
1534 3374 1591 3419 in
1619 3371 1748 3421 Novi
1772 3362 2002 3415 foedet&

165 3445 343 3527 {fibros
372 3473 390 3495 ο
425 3445 651 3498 Wratisl.
682 3447 829 3516 1755.
857 3449 920 3500 Τ.
951 3468 993 3501 1.
1013 3450 1174 3502 Praei.
1199 3466 1256 3517 Ρ.
1288 3468 1336 3520 7.
