2444 4062
974 113 1058 197 67

101 259 179 298 ex
231 230 529 292 brevitate
578 227 992 311 expressionis
1049 227 1330 300 Christi,
1380 226 1516 285 Hoc
1565 238 1656 287 est
1700 229 1942 312 Corpus

101 355 303 392 meum
326 377 344 407 .,
384 331 632 405 vitatam
677 329 804 388 fore
840 329 894 386 in
929 331 1065 388 ficta
1103 326 1351 388 blstoria
1381 370 1397 386 .
1429 326 1719 386 Concedo
1751 329 1943 410 expli-

99 431 407 492 cationem
454 428 673 487 horum
728 427 1058 487 verborum
1108 449 1138 486 a
1189 424 1678 486 Protestantibus
1736 426 1944 485 datam

93 521 303 586 animo
331 525 670 586 satisfacere
694 554 709 583 ε
756 525 861 585 sed
889 529 1231 586 deducitur
1269 545 1359 582 ex·
1400 525 1699 606 diligenti
1741 525 1946 583 colla·

100 633 276 690 tione
327 629 588 690 illoram.
646 630 962 690 verborum
994 674 1011 702 ,
1056 650 1193 689 cum
1245 627 1555 709 loquendi
1610 627 1819 686 modis
1876 630 1945 685 in

106 730 461 811 Scripturis
502 729 815 790 adhibitis
844 776 862 805 ‚
908 741 966 787 et
995 728 1353 812 praesertim
1383 750 1414 786 a
1463 725 1708 786 Christo
1737 771 1755 803 ‚
1807 725 1942 785 aliis

97 828 182 912 inv
214 827 375 888 locis
411 873 426 888 .
475 828 695 887 Nullus
731 829 1001 911 scriptor
1065 825 1389 886 arbitrarie
1437 835 1499 883 et
1550 823 1781 906 absque
1830 847 1943 885 ne-

102 933 384 993 cessitate
430 932 650 992 lectori
706 932 1025 1015 objecisset
1059 931 1505 1015 difficultatem
1528 973 1546 1004 ‚
1591 950 1788 1013 quae,
1823 928 1944 1006 (uc

96 1042 349 1098 minime
404 1038 610 1096 dicam
657 1036 677 1113 )
731 1058 935 1096 acrem
991 1037 1533 1117 investigationem
1593 1031 1659 1094 ec
1715 1036 1943 1095 erudi·-

98 1142 329 1199 cionem
375 1143 644 1218 requirit
691 1161 816 1222 quo
849 1151 1239 1198 amoveatur.
1269 1184 1308 1213 „
1345 1130 1398 1175 ¹6
1449 1136 1684 1212 Quibus
1735 1135 1938 1205 verbis

98 1240 283 1315 nihil,
309 1241 529 1316 credo,
563 1240 782 1301 clarius
807 1242 1078 1324 proferre
1113 1242 1454 1324 potuisset,
1505 1254 1569 1301 ut
1597 1241 1890 1302 fateretur
1919 1286 1940 1313 ‚
1990 1320 1993 1321 ⁷

93 1340 575 1423 explicationem
616 1343 1092 1403 Protestantium
1125 1389 1144 1417 .,
1190 1341 1356 1402 nulla
1385 1341 1620 1402 ratione
1653 1365 1727 1402 ex
1774 1354 1952 1400 natu-

100 1446 221 1504 rali‘
262 1445 595 1506 verborum
628 1447 751 1507 situ
787 1446 886 1506 vel
917 1469 991 1506 ex
1020 1445 1504 1506 circumstantiis
1539 1465 1746 1504 earnm
1788 1463 1947 1526 pro-

97 1543 385 1604 lationem
415 1543 882 1622 comitantibus,
921 1546 1113 1621 oriri3
1164 1542 1356 1605 verbo
1394 1591 1411 1620 ,
1454 1555 1647 1604 totam
1683 1541 1952 1603 aliorum

92 1644 378 1706 locorum
430 1648 789 1724 collationi,
846 1671 965 1709 non
1008 1631 1169 1709 vero¹
1204 1651 1546 1710 conteaetui
1596 1646 1821 1725 inniti3
1870 1645 1948 1707 de

94 1768 352 1829 quorum
391 1761 588 1808 tamen
617 1747 947 1808 collatione
989 1753 1110 1832 jam
1151 1748 1298 1807 satis
1330 1769 1508 1829 supra
1545 1745 1716 1806 dixi.

184 1847 470 1906 Breviter
500 1848 588 1904 sic
622 1850 824 1907 omnia
854 1849 1056 1929 capita
1111 1848 1280 1926 tetigi
1329 1868 1481 1927 quae
1525 1844 1733 1904 attulit
1779 1845 1948 1904 Hor·-

95 1966 259 2025 neuS,
286 1971 407 2032 quo
444 1973 617 2010 suum
648 1950 723 2009 de
753 1953 1058 2032 Syriasmo
1093 1952 1451 2030 figmentum
1483 1946 1726 2009 fulciret
1755 1967 1944 2009 orna-

94 2061 300 2130 retque
327 2094 342 2109 .
391 2052 618 2110 Forsan
669 2052 727 2111 in
768 2050 1234 2133 Tlieologorum
1267 2071 1528 2112 messem
1562 2049 1782 2110 falcem
1823 2050 1950 2107 im·-

94 2151 335 2223 misisse
370 2152 668 2229 videbor3
721 2153 828 2212 sed
869 2157 1074 2213 omnia
1109 2175 1258 2236 quae
1294 2152 1519 2213 adduxi
1554 2153 1710 2212 inter
1739 2150 1944 2235 philo-

92 2250 290 2333 logica
335 2267 685 2334 argumenta
716 2257 843 2336 ipse
876 2256 1050 2337 ponit
1078 2302 1095 2331 ,
1143 2269 1205 2314 et
1251 2275 1395 2313 cum
1430 2253 1504 2313 iis
1539 2277 1692 2336 quae
1721 2275 1795 2312 ex
1822 2253 1934 2332 Sy-

91 2351 250 2412 riaca
274 2352 494 2431 lingua,
519 2355 744 2436 egregie
770 2354 1162 2415 hallucinatus
1187 2400 1206 2432 .‚
1239 2354 1499 2436 profert,
1530 2353 1815 2414 immixta
1844 2356 1943 2434 ja-

304 2448 1739 2512 mmmmmmmm

116 2621 126 2625 ,
178 2568 292 2645 (16)
330 2575 350 2620 l
381 2571 520 2619 think
539 2571 641 2617 also
662 2571 768 2617 that
787 2571 870 2617 the
888 2571 1140 2637 difficulty
1170 2572 1351 2636 arising
1378 2572 1505 2618 from
1535 2570 1616 2618 the
1646 2570 1955 2618 conciseness

90 2657 144 2704 of
172 2656 394 2703 Phrist's
411 2655 726 2720 expression,
761 2653 954 2702 “.'1‘his
984 2655 1023 2701 is
1060 2673 1138 2719 my
1173 2656 1309 2720 body
1352 2689 1386 2714 ‚‚
1425 2655 1610 2707 would
1657 2654 1782 2702 have
1826 2654 1954 2700 been

78 2739 290 2801 avoided
326 2739 375 2784 in
407 2758 432 2786 a
462 2739 608 2786 made
643 2757 707 2803 up
743 2749 879 2801 story
899 2773 910 2783 .
936 2738 956 2783 l
979 2737 1133 2789 allow
1165 2739 1273 2786 that
1303 2738 1385 2786 the
1413 2734 1715 2802 explication
1745 2738 1798 2784 of
1821 2736 1957 2784 these

87 2823 289 2877 words,
326 2821 474 2884 given
507 2822 571 2882 by
603 2823 940 2878 Protestants,
973 2822 1014 2868 is
1053 2822 1361 2885 satisfactory
1388 2845 1403 2880 ς
1439 2822 1529 2870 but
1551 2827 1606 2874 ‚it
1645 2826 1689 2868 is
1734 2821 1960 2869 detiuced

79 2904 225 2964 from
261 2922 295 2950 a
326 2903 539 2966 diligent
570 2908 884 2965 comparison
919 2906 982 2967 qs
996 2904 1079 2950 the
1105 2902 1276 2961 words
1312 2908 1365 2950 in
1393 2909 1628 2971 question
1657 2905 1778 2952 with
1780 2906 1956 2966 forms

91 2984 154 3045 of
169 2988 458 3046 expression
475 2986 598 3046 used
613 2989 669 3031 in
693 2988 953 3047 Scriptus-e
973 3017 988 3037 ,
1019 2983 1116 3029 and
1146 2983 1409 3048 especially
1432 2985 1497 3047 by
1529 2983 1706 3032 Christ
1737 3001 1799 3031 on
1819 2981 1960 3029 other

96 3063 380 3117 occasions-A
411 3065 484 3111 No
523 3064 695 3115 writer
732 3063 906 3114 would
945 3063 1230 3129 arbitrarily
1291 3065 1391 3114 and
1439 3063 1802 3125 unnecessarily
1836 3062 1959 3108 have

95 3149 210 3196 thus
242 3156 342 3194 cast
373 3146 425 3192 in
467 3147 545 3194 his
581 3149 779 3196 readers
815 3163 925 3211 way
947 3185 963 3206 ‚
997 3167 1030 3198 a
1067 3151 1326 3214 difficulty
1353 3185 1367 3206 ,
1412 3151 1582 3199 which
1611 3184 1627 3207 ‚
1672 3161 1721 3197 to
1759 3165 1850 3210 say
1881 3149 1962 3192 the

99 3232 242 3286 least,
275 3232 318 3275 it
344 3230 578 3292 required
599 3231 824 3287 rescat-ch
849 3233 954 3278 and
976 3233 1227 3281 erudition
1256 3242 1305 3281 to
1330 3235 1464 3279 clear
1485 3251 1570 3298 up.
1618 3234 1719 3281 The
1742 3229 1957 3277 Eviden-

98 3328 180 3375 Qes
205 3313 268 3372 of
298 3313 631 3377 Christianity
645 3347 668 3375 ,Ι
697 3315 764 3378 by
805 3319 878 3363 W.
919 3319 1109 3382 Pale-y.
1151 3319 1218 3364 D.
1250 3320 1318 3374 D.
1349 3316 1459 3364 Par.
1496 3315 1706 3376 11.Cap·
1739 3312 1825 3359 111.
1856 3309 1951 3375 Ed·

93 3394 369 3460 Edinburg·
414 3397 554 3462 1817.
588 3399 643 3444 T.
677 3397 742 3446 ll·
782 3415 834 3462 p·
863 3391 939 3460 90.
1433 3443 1439 3456 ,
1494 3455 1499 3462 ,

1475 3473 1510 3508 a·
