2444 4062
1367 192 1529 234 :202

543 376 986 465 reprehendens
1062 374 1390 449 lectionem
1434 339 1616 443 1³3·
1599 399 1618 453 ς
1671 375 1775 436 sed
1825 377 1886 436 in
1933 386 2099 438 textu
2155 374 2383 458 legitur
2427 405 2429 407 ·

1107 495 1319 554 ²1⁰7·

556 596 698 638 cum
748 574 1036 635 Peschito
1071 536 1316 640 hut-9.
1354 571 1452 632 Sic
1485 571 1688 632 omnia
1732 571 2098 649 cohaerent,
2146 562 2379 633 mendi-

554 701 669 763 que
720 674 1026 756 arguitur
1049 671 1356 734 manifesti
1417 673 1711 734 Vaticana
1723 673 1973 755 legendi
2018 674 2216 738 ratio.

644 777 756 836 Sed
810 796 998 857 neque
1025 773 1128 835 isti
1172 770 1288 835 soli
1337 773 1597 834 Codices
1643 787 1778 835 sunt
1822 775 1927 858 qui
1971 774 2124 835 hanc
2170 744 2381 836 recen-

553 877 790 938 sionem
839 876 898 934 in
947 894 1008 934 se
1060 871 1458 951 contineant.
1509 873 1731 934 Narrat
1779 875 1936 933 enim
1972 873 2386 940 Assemamse

559 979 623 1037 in
673 975 895 1036 celebri
949 976 1221 1051 Scetensi
1259 970 1562 1068 cpenobio
1598 975 1822 1035 vidisse
1856 975 2149 1035 Codicem
2186 976 2281 1036 cui
2313 974 2391 1034 ti·-

1820 1127 2304 1169 λόΙἸΙΙΏ·

564 1183 726 1258 tulus
760 1180 991 1258 ‘'g-...0
1043 1127 1452 1251 Ῡ-ἑ-Ῐμ-ἷ*
1502 1128 1761 1250 fam,
1790 1153 2070 1277 ,mx-*2
2107 1158 2385 1258 12322,

560 1293 663 1376 qui
711 1289 915 1351 titulus
965 1289 1128 1350 idem
1183 1310 1333 1371 pene
1379 1300 1470 1347 est
1520 1290 1683 1358 acin
1724 1290 2023 1350 Vaticano
2052 1289 2203 1352 Cod
2237 1293 2384 1373 legi·-

561 1407 693 1467 tur,
739 1405 799 1453 et
844 1394 903 1452 in
952 1390 1299 1474 Epi'grapha
1366 1388 1683 1449 Barberini
1747 1392 2012 1451 citatur.
2064 1393 2162 1454 Ad
2210 1395 2388 1480 hujus

556 1493 786 1554 calcem
847 1510 1138 1551 annexam
1169 1491 1352 1556 fuisse
1379 1489 1596 1549 scribit
1631 1535 1650 1566 ‚
1698 1488 2045 1574 Epistulam
2077 1492 2243 1556 illam
2272 1498 2390 1559 Ja-

552 1593 701 1655 cobi
747 1585 1041 1651 Edesseni
1094 1590 1172 1668 ad
1229 1592 1562 1672 Georgium
1617 1589 2011 1671 Sarugensem
2042 1634 2060 1668 ,
2106 1617 2218 1656 nec
2273 1617 2390 1658 non

555 1691 826 1779 ejusdem
871 1692 1103 1753 Jacobi
1159 1693 1637 1752 Grammaticam
1684 1687 1762 1751 de
1808 1695 2147 1771 Pet-sonis,
2191 1699 2395 1761 Gene-

557 1799 734 1860 ribus
764 1842 783 1875 ,
818 1807 881 1857 et
918 1795 1323 1879 Temporibus
1357 1811 1376 1870 ς
1412 1788 1460 1840 ¹4
1490 1813 1640 1875 quae
1670 1794 1871 1854 omnia
1899 1833 1918 1870 ,
1967 1795 2180 1861 eodem
2212 1820 2395 1884 pror.

559 1921 663 1960 sus
697 1893 886 1959 modo
909 1937 926 1969 ‚
957 1895 1249 1957 lectiones
1295 1891 1755 1977 Karkaphenses
1787 1894 2194 1978 excipiuntip
2227 1912 2395 1964 ntro-

567 2024 680 2085 que
719 2021 916 2084 quem
953 2005 1167 2060 nactus
1224 2019 1359 2059 sum
1411 1991 1644 2058 Codice
1672 2031 1689 2056 .-
1737 1997 1897 2057 Hinc
1947 2016 2097 2079 pene
2147 1990 2394 2061 indubie

567 2096 1060 2164 concludendum
1090 2146 1110 2178 .‚
1160 2099 1455 2160 Codicem
1504 2099 1681 2160 illum
1713 2101 2053 2161 Scetensem
2081 2101 2344 2177 similem
2374 2140 2394 2179 ς

559 2206 726 2282 omni
760 2225 834 2264 ex
877 2216 1046 2287 parte
1081 2249 1099 2278 ,
1145 2196 1323 2262 fuisse
1370 2197 1538 2260 hisce
1582 2195 1849 2262 nostrisz'
1904 2202 2164 2284 hincque
2229 2217 2400 2289 patet

557 2324 678 2366 non
722 2305 970 2382 minus,
1021 2300 1187 2386 quod
1218 2323 1404 2384 supra
1439 2300 1654 2378 innui,
1699 2300 1829 2361 falli
1864 2302 2065 2363 virum
2116 2302 2400 2387 praecla-

1197 2448 1228 2479 ,ο
1272 2449 1299 2478 s
1340 2437 1368 2473 Δ

560 2498 870 2562 tissimum
919 2517 1108 2583 quum
1151 2470 1389 2564 123⁶ss
1436 2500 1695 2560 lea-econ
1728 2517 1858 2560 esse·
1888 2498 2038 2559 dicit
2092 2519 2189 2561 seu
2218 2513 2400 2561 cata·

557 2605 765 2684 logum
797 2645 817 2676 ‚
865 2587 915 2642 ¹5
954 2596 1164 2661 titulus
1198 2600 1361 2660 enim
1414 2598 1527 2657 iste
1570 2598 1791 2658 nostris
1827 2596 2029 2658 Codds
2063 2595 2398 2659 nullatenus·

567 2699 903 2759 convenit

649 2796 743 2858 En
782 2799 966 2880 igitur
1013 2801 1265 2858 tertmm
1298 2794 1784 2877 Karkaphensem·
1815 2787 1970 2855 cod.
2002 2792 2079 2854 de
2114 2814 2236 2876 quo
2279 2790 2395 2854 ali-

563 2920 678 2982 qua
721 2894 931 2959 notitia
983 2898 1059 2959 ad
1110 2919 1219 2958 nos
1273 2898 1663 2981 pervenerit.
1713 2895 1828 2954 Sed
1876 2894 2077 2955 forsan
2129 2892 2397 2978 suspicio

653 3178 766 3237 (¹4)
809 3171 1041 3222 Biblioth.
1091 3179 1276 3222 Orienl.
1322 3176 1378 3222 T.
1426 3175 1465 3220 1.
1509 3190 1559 3239 p.
1605 3178 1715 3241 477.
1768 3175 1867 3220 lam
1916 3188 2059 3236 supra
2108 3172 2268 3220 monui
2305 3168 2412 3222 As-

562 3275 806 3309 eemanum
834 3274 1087 3322 perperam
1130 3258 1428 3322 distinguere
1467 3257 1736 3322 Epistulam
1763 3256 1890 3307 hanc
1917 3257 1979 3306 ab
2009 3254 2105 3304 alia
2134 3268 2279 3319 quam
2302 3254 2402 3302 de·-

559 3340 731 3391 scribit
770 3358 823 3405 p.
863 3358 963 3405 seq.
1002 3340 1101 3413 (V.
1142 3358 1287 3404 supra
1324 3337 1525 3407 p.185.)

651 3421 764 3486 (15)
805 3424 922 3474 Loc·
943 3421 1028 3471 cit·
1061 3420 1171 3473 vide
1206 3436 1317 3486 sup·
1351 3436 1404 3486 p.
1432 3416 1540 3466 155.
